2884 4684
280 177 346 248 440
386 178 458 246 Lib.
471 177 531 246 vi.
548 177 656 246 Tract.
674 172 735 246 tv.
753 177 804 245 De
821 176 1024 246 sacramento
1043 174 1254 243 Poenitentin.

281 320 303 360 n
330 286 463 388 Sylvio.
477 286 572 362 Vide
584 285 670 361 Fill.
686 302 737 362 to.
757 315 769 361 ι
786 302 833 363 tr.
851 315 872 387 7
891 314 923 362 c.
942 315 972 361 1.
986 288 1101 362 Cone.
1116 286 1155 360 d.
1176 290 1197 361 5
1216 282 1306 360 dub.
1326 309 1363 360 r.

178 416 180 421 ’
283 384 754 460 oSuar.d.2rsect.3n.
775 387 811 460 5.

225 476 276 548 [⁴94
331 517 351 554 »
378 484 545 558 Secunda
567 482 756 571 conditio,
775 500 814 556 ut
839 482 888 556 sit
908 499 1066 567 secreto,
1083 481 1122 555 id
1148 494 1222 572 est,
1239 496 1281 554 ut
1297 482 1366 555 fiat

281 584 301 650 ι’
331 585 399 656 soli
419 583 626 663 Sacerdoti,
646 608 719 656 non
738 580 890 682 quidem
910 608 954 655 ex
968 582 1199 671 necessitate,
1214 579 1279 652 sed
1292 605 1365 652 usn

281 713 303 752 n
329 680 523 754 Ecclesioe.
541 678 852 761 Publicuautem.
871 679 990 779 qualis
1002 683 1039 752 in
1051 679 1254 774 naufragio,
1273 702 1365 776 prae·

282 808 305 850 n
331 778 402 871 lio,
416 778 605 878 hospitati.
620 778 683 852 nbi
700 779 762 851 ulii
775 778 943 877 adjacent
953 780 1030 861 ,oei
1045 804 1110 877 per
1122 781 1366 875 interpretem

280 902 304 947 n
331 879 396 962 fit,
417 902 492 951 non
518 877 657 975 obligor
679 875 830 969 (saltem
854 864 1020 976 reipectu
1046 890 1278 975 peccatorum
1302 900 1367 946 oc·

281 1004 305 1046 n
331 976 557 1069 cultorum),
574 977 703 1049 nisiex
722 976 898 1048 charitate
917 976 992 1065 sui,
1006 1000 1090 1048 enm
1106 1029 1116 1061 ‚
1133 973 1196 1071 qni
1216 973 1253 1044 in
1270 972 1367 1043 arti·

281 1103 303 1144 n
331 1073 418 1148 culo
444 1074 573 1147 mortis
589 1071 735 1147 dubitat
755 1073 802 1147 de
817 1074 1059 1159 contritione3
1076 1098 1118 1145 ac
1134 1086 1214 1145 tum
1232 1070 1363 1143 adhinc

282 1200 304 1243 r>
332 1172 715 1252 sufficiteaconfiteri,
754 1168 1366 1272 uaeminorempariontinfamiam.

279 1290 304 1341 s
332 1270 385 1345 Ita
398 1271 500 1345 Suar.
514 1325 523 1359 ,
537 1273 567 1345 F
570 1268 706 1370 agend.
764 1272 833 1344 uu.
852 1297 890 1401 R
906 1271 988 1345 δῖε.
1002 1275 1025 1365 4
1037 1271 1079 1344 R.
1097 1294 1145 1368 29
1159 1283 1231 1345 etc.

685 1466 789 1540 Unde
805 1466 971 1540 resolves.

331 1690 351 1729 n
380 1662 418 1737 Si
436 1663 518 1761 quie
534 1679 681 1762 peccata
696 1663 734 1736 in
753 1660 936 1761 prioribus
949 1655 1248 1734 confessionibus
1263 1656 1368 1733 obli·

283 1785 303 1830 o
333 1777 394 1835 tos
407 1756 524 1845 ossei,
543 1789 617 1835 non
634 1776 780 1835 tenetur
807 1763 916 1835 etiam
938 1762 978 1833 in
1001 1756 1156 1832 articulo
1180 1760 1307 1846 mortis
1320 1783 1366 1831 ea

286 1887 309 1931 n
336 1861 501 1935 confiteri
548 1858 692 1948 obiice,
708 1860 764 1930 rel
782 1884 848 1958 per
862 1860 938 1932 inte
984 1875 1120 1931 retem:
1134 1857 1222 1956 quia
1236 1880 1370 1957 peccu-

281 1986 305 2028 n
335 1975 454 2031 torum
470 1887 671 2032 obitorum
687 1957 866 2030 confessio
885 1972 1029 2028 tantum
1053 1955 1190 2052 obligat
1204 1979 1250 2057 en=
1266 1980 1367 2052 prae-

283 2080 305 2125 »
334 2071 440 2155 cepto
458 2054 612 2157 positivo
630 2054 780 2144 divino,
800 2054 900 2155 quod
918 2055 1043 2126 hocin
1062 2082 1146 2128 casu
1166 2066 1294 2128 cessat.
1313 2050 1368 2139 V.

283 2183 302 2219 r
333 2156 457 2252 Laym.
475 2181 507 2227 c.
522 2153 557 2226 6.
576 2155 683 2228 Dian·
700 2153 852 2251 ρ.3ῑ.4
869 2155 910 2227 R.
930 2156 998 2228 128
1011 2168 1048 2225 et
1070 2175 1153 2250 129.

226 2257 278 2333 ξφ
333 2284 350 2317 n
382 2251 503 2324 Tertia
524 2253 707 2335 conditio,
726 2267 765 2321 ut
779 2251 825 2322 sit
845 2277 925 2323 vem
939 2280 953 2323 .·¹
968 2249 1070 2351 qnod
1094 2248 1295 2350 requiritur
1307 2274 1367 2322 es·

281 2380 304 2422 n
331 2351 530 2425 sentialiter
555 2355 594 2424 in
615 2350 765 2423 materia
791 2348 1051 2438 substantiali,
1080 2362 1115 2422 et
1130 2347 1337 2433 necessaria
1350 2372 1366 2439 3

281 2476 300 2515 s
332 2454 417 2548 qnia
432 2449 519 2522 aliis
538 2453 574 2521 in
588 2475 631 2521 re
639 2449 736 2545 gravi
749 2446 980 2547 deciperetur
995 2448 1119 2544 judex,
1133 2471 1254 2546 neque
1266 2461 1366 2519 esset

280 2576 303 2617 >1
331 2547 519 2636 Confessio
543 2548 715 2644 integra,
746 2545 904 2646 ideoque
932 2548 1043 2620 irrita.
1070 2542 1155 2619 Non
1176 2560 1297 2617 tamen
1321 2543 1366 2617 in

279 2675 304 2717 n
330 2649 481 2720 materia
490 2644 604 2719 libem
615 2701 624 2733 ‚
637 2645 714 2718 tirrn
730 2648 814 2743 quia
829 2645 965 2719 satsins
977 2648 1071 2742 signi
1083 2651 1120 2716 in
1133 2645 1365 2717 accusatione

280 2773 303 2814 n
331 2748 428 2817 circa
450 2748 639 2815 materiam
667 2744 904 2816 accessorium
929 2768 1004 2815 non
1029 2743 1118 2815 facit
1141 2743 1365 2815 sententiam

280 2871 300 2907 a
330 2841 495 2915 irritam:
514 2840 592 2914 tiam
618 2841 703 2938 qnia
727 2843 809 2915 talis
839 2840 980 2915 tantirm
1002 2855 1129 2940 peccat
1149 2839 1364 2927 renitenter,
1419 2884 1422 2889 >

280 2969 300 3005 ι
331 2966 415 3012 cum
432 2962 507 3011 non
525 2943 572 3011 ait
590 2941 744 3038 graviter
762 2942 918 3037 injurius
931 2940 1131 3027 Sacerdoti,
1146 2963 1216 3012 nee
1230 2940 1364 3013 Sacra·

281 3064 307 3107 η
332 3051 469 3112 mento.
486 3036 826 3118 lunarat-nsum.
842 3055 915 3112 eto.
1336 3064 1348 3081 ·

688 3233 790 3307 Unde
802 3235 969 3308 resolves.

275 3378 295 3411 i·

223 3444 287 3526 495·
328 3454 351 3497 o
382 3454 415 3501 r.
431 3427 527 3503 'Non
544 3445 599 3506 est
620 3429 796 3519 mortale,
815 3456 883 3505 nec
901 3429 1017 3504 irritat
1034 3429 1310 3504 Sacramentum
1328 3428 1363 3506 I.

279 3557 298 3593 ι
329 3527 366 3599 Si
380 3526 418 3599 in
431 3528 658 3604 confessione
671 3530 857 3602 mentiaris
871 3528 997 3602 leviter
1012 3531 1108 3604 circi
1122 3554 1265 3602 resnou
1280 3554 1364 3628 per·

277 3655 298 3693 n
330 3626 505 3717 tinentes,
524 3646 677 3700 autnon
699 3629 919 3700 necessarias
938 3626 984 3700 ad
1001 3630 1275 3702 Sacramentum
1293 3657 1302 3697 z
1323 3652 1361 3704 r.

278 3751 298 3792 o
330 3749 381 3821 gr.
401 3726 430 3796 si
445 3726 634 3803 historiam
650 3726 776 3797 falsam
794 3750 939 3816 narres,
955 3726 1012 3800 vel
1027 3729 1056 3801 si
1075 3750 1181 3824 neges
1194 3724 1367 3815 veniale,

175 3906 182 3921 ι
278 3852 296 3889 ιι
327 3821 386 3893 vel
403 3826 577 3915 mortale,
596 3824 698 3924 quod
712 3850 786 3898 non
803 3825 938 3897 teneris
954 3824 1131 3898 confiteri.
1158 3854 1176 3888 ι

327 3923 385 3993 An
400 3938 525 4019 peccet
539 3926 709 4020 graviter,
725 3924 789 4022 qui
802 3937 909 4021 negat
923 3921 1150 3997 confessario
1164 3934 1363 4019 peccatum

279 4015 434 4121 aliquod
448 4022 588 4098 veniale
603 4023 860 4113 commissum,
876 4036 941 4100 aot
953 4020 1106 4101 mortale
1119 4019 1208 4096 aliis
1221 4021 1366 4101 confes-
