2884 4684
272 268 334 322 roo
487 243 559 313 Lib.
577 242 636 316 vt.
652 243 767 314 Trects
779 240 837 312 m.
854 238 906 311 De
921 239 1134 311 tustanum.

269 353 434 435 honestis
465 355 638 458 precibus
673 358 863 446 resistere,
884 381 960 430 non
979 368 1101 429 nutem
1115 354 1352 456 importunis,

317 456 418 550 Quid
454 449 576 529 eutem
604 454 853 528 Confessarius
886 453 1111 553 respondere
1145 452 1255 526 debet
1283 509 1293 544 ,
1319 451 1352 526 si

268 552 510 651 interrogetur
532 559 552 628 t
573 558 751 653 conjuge,
766 578 812 624 nn
832 551 987 625 reddere
1002 550 1351 626 tenenturdebitum

269 652 330 726 die
354 652 664 727 Communionis?
686 651 876 750 Sapienter
901 649 1027 750 Loym.
1044 650 1088 722 de
1108 651 1265 725 Euenor.
1278 650 1351 725 c.6

267 776 305 825 n.
337 753 392 826 16.
420 750 551 825 Sooch.
568 752 613 823 de
632 749 743 821 Motr.
763 749 788 824 l.
805 749 880 847 9d.
911 774 932 820 2
955 774 993 822 ιι.
1011 747 1066 824 16.
1084 765 1120 822 et
1132 747 1231 824 Suor.
1249 747 1284 824 d.
1298 749 1349 824 68

267 865 353 925 sect.
372 875 393 923 2
412 848 530 945 infin.
548 846 683 920 docent
695 844 1018 946 respondendum,
1034 846 1151 946 quod,
1168 847 1198 920 si
1212 849 1351 950 conjnx

265 946 479 1047 frequenter
495 945 768 1021 communicare
785 946 898 1035 solet,
915 971 951 1018 r.
968 970 1021 1044 gr.
1040 944 1212 1020 omnibus
1230 946 1349 1034 festis,

267 1069 352 1119 enm
373 1044 526 1144 obligari
545 1044 593 1118 ad
610 1041 866 1130 reddendum,
891 1070 939 1117 ne
988 1043 1128 1118 ericnlo
1144 1059 1351 1146 exponatur

266 1144 447 1242 peccandi
474 1157 599 1222 contra
628 1143 828 1240 justitiam,
853 1140 912 1215 rei
943 1071 1184 1234 civitatem
1214 1147 1245 1216 si
1260 1141 1350 1216 verd

264 1268 341 1317 non
372 1243 586 1342 frequenter
609 1243 883 1321 communicet,
910 1239 974 1313 sed
995 1239 1139 1314 tontirm
1160 1242 1199 1314 in
1217 1242 1350 1343 praeci-

264 1337 1353 1457 puisiestivitotibus,tunciilisoadeat‚utrogetniterumcon·

264 1464 409 1539 gugem,
425 1454 466 1512 ut
480 1437 707 1512 abstinentia
722 1437 900 1510 honorem
915 1438 1215 1525 Communionis,
1235 1435 1351 1512 modo

264 1562 341 1611 non
359 1539 524 1611 incurret
544 1539 583 1608 in
605 1534 705 1609 illius
735 1534 1025 1651 indignationem
1039 1560 1050 1626 ;
1066 1551 1157 1609 tunc
1173 1536 1273 1610 enim
1288 1594 1301 1622 ,
1317 1533 1352 1610 si

265 1638 405 1733 rogatio
424 1661 500 1709 non
520 1635 691 1735 proficit,
710 1647 847 1734 poterit
871 1636 1169 1727 communicare3
1190 1635 1259 1708 nisi
1278 1660 1350 1734 pa·

263 1733 377 1808 tiator
405 1760 449 1808 ex
483 1730 687 1806 redditione
724 1730 1244 1823 insolitnmdist'roctionem,
1275 1756 1349 1807 nec

264 1848 438 1920 conetur,
458 1845 500 1905 nt
518 1830 694 1919 diximus,
714 1855 796 1903 eam
817 1828 1007 1932 repellere.

311 1933 380 2006 Die
398 1944 546 2018 antem,
569 1933 642 2030 qod
661 1934 797 2026 conjux
824 1934 896 2025 jam
916 1927 1224 2015 communicarit,
1240 1925 1350 2003 debi-

261 2040 348 2108 tum,
370 2028 524 2102 reddere
551 2026 696 2101 nullam
714 2052 791 2100 esse
820 2023 968 2126 colpam
1003 2025 1133 2101 dicunt
1166 2026 1274 2102 Alex.
1300 2027 1349 2100 de

260 2125 389 2218 Novo,
399 2143 435 2199 et
450 2129 585 2200 Aaron.
600 2152 658 2224 op.
675 2123 808 2199 Sanch.
821 2125 857 2198 d.
878 2123 930 2199 16.
946 2125 1073 2199 Petere
1089 2121 1177 2198 rerd
1192 2137 1348 2200 censent

263 2249 341 2298 esse
368 2224 512 2300 reniale
537 2223 618 2299 idid.
648 2222 687 2300 S.
712 2223 849 2298 Anton.
868 2222 895 2295 S
907 2224 962 2296 plo.
980 2222 1111 2297 Polod.
1129 2223 1348 2300 macerem.

223 2341 225 2344 ’
261 2323 323 2395 Aa
351 2374 360 2393 .
378 2339 443 2397 etc.
469 2319 542 2398 Sed
559 2323 692 2396 Novar.
716 2348 746 2394 c.
765 2347 806 2394 21
826 2349 864 2396 n.
882 2251 942 2395 dt.
961 2336 998 2393 et
1009 2317 1141 2395 Sonch.
1158 2347 1235 2395 cum
1253 2319 1347 2398 Ποῖ.

261 2447 308 2493 oc
321 2350 467 2496 indico.
483 2418 884 2512 dicunt,obstinentiam
897 2423 918 2494 d
931 2416 1090 2519 petendo
1105 2443 1187 2494 esse
1199 2417 1349 2496 tontirm

262 2518 435 2610 consilii,
454 2546 529 2593 non
547 2518 795 2617 obligationis.
1021 2599 1023 2602 ¹

206 2654 257 2719 ²25
314 2619 478 2693 Pertinet
491 2618 598 2691 etiaim
610 2613 887 2719 quodammodo
901 2613 948 2690 od
965 2613 1243 2716 dispositionem
1261 2639 1349 2689 eor·

263 2720 365 2816 poris
400 2716 576 2791 accedere
614 2713 661 2788 ad
688 2714 960 2792 Eucharistinm
991 2739 1147 2814 corpore
1177 2711 1348 2801 mondo,

261 2816 342 2894 sine
360 2813 483 2915 aliqua
501 2811 646 2889 mocula
665 2813 846 2901 notabili,
871 2837 954 2916 quoe
969 2811 1017 2886 sit
1031 2827 1201 2898 externa,
1219 2824 1256 2885 et
1273 2810 1347 2886 de·

261 2911 384 2986 lebilis
398 2937 408 3004 ;
424 2939 511 2986 nem
525 2915 555 2985 si
572 2927 665 2985 esset
683 2911 830 2986 occulto
842 2966 852 3000 ,
866 2938 941 2986 non
956 2910 1083 3002 obest;
1101 2911 1267 3010 nequesi
1282 2935 1347 2983 eo-

261 3025 318 3094 set
341 3026 544 3110 perpetuo,
565 3026 606 3083 ut
622 3011 656 3082 le
684 3037 741 3097 ro,
767 3010 888 3084 fistulo
900 3061 914 3103 ,v
925 3025 962 3083 et
978 3009 1109 3084 similis
1125 3064 1134 3095 ,
1152 3007 1264 3110 proiit
1280 3007 1346 3082 di-

262 3123 355 3183 cunt
378 3108 624 3182 communiter
652 3038 754 3181 inor.
785 3109 820 3181 d.
846 3109 896 3183 68
918 3124 1044 3182 secta
1066 3134 1099 3179 ν.
1114 3107 1204 3182 Dico
1221 3105 1344 3206 tgitdr.

262 3206 348 3278 Pal,
366 3233 407 3302 p,
432 3209 529 3281 1311.
554 3233 582 3279 r.
604 3198 1347 3300 et'Lormdib.517.6c.6n.2d.Socer·

262 3302 329 3378 dos
355 3301 441 3377 vend
465 3303 568 3403 leprd
584 3302 763 3395 infectus,
780 3299 839 3376 vel
855 3301 926 3377 olio
942 3303 1070 3378 morbo
1084 3303 1277 3378 horrorem
1290 3302 1345 3375 of·

262 3402 405 3478 ferente
420 3460 430 3493 ,
446 3401 665 3503 prohibetur
679 3401 865 3477 celebrare
881 3401 921 3475 in
937 3401 1104 3503 publico,
1115 3428 1158 3476 ex
1168 3427 1211 3476 co
1239 3457 1248 3476 .
1265 3400 1344 3474 Tuo

259 3527 329 3576 nos
350 3502 423 3586 ,de
449 3501 582 3574 Clerico
606 3519 725 3602 egrot.
752 3500 816 3575 ubi
838 3499 994 3588 dicitnr,
1016 3527 1083 3600 pro
1098 3526 1185 3576 scon
1233 3498 1348 3590 l0‚et

260 3598 526 3674 abominatione
537 3601 679 3697 populr'o
692 3599 792 3678 unde
804 3599 843 3673 in
856 3616 996 3696 secreto
1008 3614 1129 3702 potest
1141 3597 1346 3686 celebrare,

262 3699 403 3772 Patous
415 3700 486 3771 loe.
506 3698 564 3769 cit.
583 3696 693 3774 Solm.
708 3725 787 3794 cop.
803 3724 824 3801 7
839 3724 878 3770 n.
897 3697 956 3774 56.

312 3799 369 3871 An
392 3795 478 3870 vero
501 3794 675 3870 mulieres
700 3814 774 3871 tem
803 3822 866 3872 ore
882 3797 1059 3871 menstrui
1077 3796 1219 3897 possint
1238 3819 1345 3868 com·

262 3892 482 3970 muniente?
505 3896 623 3968 Sentit
645 3895 747 3971 Suor.
769 3825 867 3970 iot.
881 3893 982 3996 quod
1000 3895 1031 3969 si
1045 3893 1134 3994 ipsae
1147 3890 1346 3967 commodd

221 4047 225 4064 .
264 3994 565 4068 communionem
582 3993 728 4067 differre
744 4010 912 4095 possunt,
921 4010 1117 4069 teneantur
1130 3990 1258 4068 differe
1272 3988 1344 4065 sub

260 4093 397 4206 tentati
409 4148 419 4182 ,
431 4083 490 4167 ‘ex
514 4092 561 4165 Ι).
581 4092 754 4194 Dionysio
770 4092 1039 4198 Alexandrino,
1054 4090 1119 4204 gni
1133 4091 1234 4180 dicit,
1253 4089 1345 4166 tales
