2884 4684
276 340 342 433 ³74
387 339 460 408 nu
477 341 537 411 ut.
554 340 662 410 aran.
680 334 739 411 tu.
756 342 806 410 ue
821 314 1022 411 sacramenia
1038 340 1248 410 nantinus.
1373 338 1376 349 ·

277 480 358 553 quae
377 478 450 526 non
476 454 622 525 suntin
655 478 759 543 esse,
786 453 826 526 irt
854 454 991 554 siquis
1018 452 1204 555 loquendo
1230 446 1353 551 prola·

275 550 378 626 bitur
397 551 434 622 in
452 549 718 649 blasphemias.
738 567 800 624 aut
817 553 993 626 versando
1009 554 1046 623 in
1068 551 1246 651 cauponis
1265 573 1354 646 pro·

276 651 415 748 rumpit
440 650 479 721 in
507 651 596 722 rixas
623 664 659 722 et
683 648 897 735 ebrietates,
919 665 981 723 aut
1007 648 1234 725 convivando
1265 670 1355 719 cum

225 770 230 791 ¹
276 750 386 820 sociis
415 749 489 820 ruit
516 749 553 819 in
585 746 694 820 rerba
717 750 1009 848 etcugitationes
1044 748 1354 830 obsccenas,etc.
1426 746 1429 757 “

275 842 319 917 In
351 845 607 919 occasionibus
638 845 751 941 huius
780 847 955 923 secundae
981 849 1147 947 spectet,
1180 869 1258 944 quae
1282 865 1358 913 non

275 942 409 1015 suntin
433 968 536 1029 esse,
554 943 649 1018 recti
667 944 777 1020 docet
802 947 825 1018 S
863 943 1043 1020 Carolus.
1066 942 1186 1046 quod,
1214 944 1243 1015 si
1271 962 1359 1038 poe·

275 1043 397 1114 nitens
429 1042 533 1115 firmi
560 1059 741 1143 proponat
773 1042 818 1116 ab
852 1044 903 1117 eia
934 1067 1093 1134 cavere,
1131 1041 1246 1143 possit
1291 1062 1358 1134 pet·

276 1164 389 1212 unam
410 1156 472 1211 aut
488 1139 601 1229 duas,
622 1141 804 1240 etiimque
832 1156 903 1215 tres
926 1142 1022 1216 vices
1049 1139 1197 1214 absolvi.
1218 1136 1354 1231 Quod,

276 1240 309 1310 si
342 1237 578 1337 postmodum
609 1234 813 1312 emendatio
843 1264 918 1313 nou
950 1267 994 1339 ap
1025 1256 1123 1325 aret,
1162 1234 1300 1310 differri
1322 1236 1356 1309 ei

279 1334 390 1408 debet
414 1333 613 1422 absolutio,
636 1336 756 1411 donec
779 1337 841 1409 ille
867 1363 955 1411 cum
978 1267 1107 1412 abcctu
1129 1336 1358 1409 occasionem

278 1432 518 1534 derelinquat.
533 1435 575 1507 In
590 1435 842 1510 occasionibus
860 1435 944 1508 verb
961 1438 1090 1536 prioris
1108 1435 1255 1536 speciei,
1269 1455 1355 1531 quae

210 1572 214 1581 ⁴
279 1547 361 1603 sunt
376 1533 411 1602 in
425 1558 524 1623 csse,
543 1538 591 1605 ait
606 1534 641 1607 S.
653 1533 826 1621 Carolus,
843 1536 1082 1633 poenitentem
1099 1557 1219 1633 neque
1237 1533 1359 1631 primi

278 1631 358 1702 rice
377 1629 641 1709 absolvendum
657 1637 671 1730 (
688 1658 938 1731 quascumque
958 1633 1214 1732 promissiones
1229 1628 1358 1729 profe·

280 1732 359 1817 rat)
376 1783 385 1812 ‚
405 1729 474 1800 nisi
492 1728 591 1826 paliis
604 1732 833 1804 occasionem
849 1747 1022 1803 amoveat.
1040 1733 1087 1803 Et
1101 1729 1361 1817 haucsenten·

281 1826 371 1897 tium
387 1850 517 1898 censeo
534 1834 548 1913 t
557 1826 684 1900 saltem
704 1827 884 1903 ordinarit
902 1828 1108 1928 leqnendo)
1128 1823 1279 1901 omnini)
1297 1848 1359 1897 se-

281 1923 469 2024 quendam
484 1949 494 2015 3
511 1949 663 2025 eantque
680 1941 806 2000 tenent
819 1925 1000 1999 Cardenus
1017 1928 1053 1997 iu
1065 1929 1135 1999 Pro
1167 1924 1235 2001 ,δι
1256 1922 1357 1995 dam.

278 2022 327 2096 ab
346 2022 474 2095 Iunoc.
499 2023 561 2096 Xl.
580 2027 771 2097 cum‘Bou.
801 2023 925 2096 Villal.
948 2040 983 2097 et
1000 2023 1116 2097 Caudi
1149 2050 1193 2109 0⁸,
1213 2022 1357 2095 Tonrn.

280 2133 307 2192 t.
333 2146 354 2191 a
400 2176 409 2193 .
429 2121 511 2218 257.
531 2120 618 2218 ch.
647 2150 657 2193 ι
681 2122 795 2194 conc.
815 2150 851 2221 p.
870 2124 941 2196 658
957 2150 996 2195 u.
1023 2151 1051 2196 r.
1069 2118 1360 2219 P.Segneri1u-

281 2242 333 2289 ει.
357 2147 462 2290 bont.
490 2243 523 2290 c.
546 2219 567 2292 5
585 2222 720 2292 Auctor
744 2219 908 2293 tibucui
929 2219 1261 2292 titulus21nstruz.
1289 2242 1360 2317 pet·

280 2310 310 2387 li
328 2314 537 2389 Confessori
552 2314 691 2389 Novelli
709 2332 734 2392 t.
758 2344 770 2390 r
791 2345 828 2392 n.
845 2341 926 2418 ιη.
944 2320 1031 2393 item
1045 2320 1132 2391 Nar.
1148 2315 1244 2390 Mau.
1259 2342 1293 2388 c.
1315 2314 1360 2389 ιδ

281 2437 321 2486 ιι.
338 2440 385 2486 ao
397 2415 458 2487 ubi
479 2415 551 2487 ait:
570 2414 841 2488 Concubr‘ncnirs
853 2414 1060 2490 cohabitans
1072 2414 1271 2489 concubine
1284 2437 1361 2485 non

281 2510 384 2584 debet
401 2512 552 2603 absolvi,
571 2514 757 2611 antequbm
770 2513 816 2585 ub
832 2541 876 2586 cu
886 2531 1072 2607 separetur.
1086 2515 1115 2586 C
1118 2509 1257 2587 onincb.
1275 2513 1311 2585 d.
1322 2514 1361 2588 8.

273 2609 326 2681 'dc
344 2610 468 2682 Parcit.
489 2611 533 2681 dc
554 2637 594 2708 ¹7
613 2628 649 2684 n.
680 2612 758 2685 113.
777 2610 839 2684 obi
859 2641 868 2681 z
887 2612 983 2701 Eos,
996 2612 1060 2711 qui
1074 2612 1190 2682 vivunt
1213 2609 1250 2681 in
1266 2624 1358 2682 con·

281 2706 468 2792 catinam,
497 2709 591 2781 nullo
617 2708 721 2780 modo
748 2713 850 2781 cctrb
869 2734 988 2782 casum
1000 2708 1119 2806 gravis
1140 2705 1360 2781 necessitatis

283 2806 429 2901 expedit
440 2806 616 2878 absolvere
632 2861 641 2892 ‚
659 2808 845 2907 antequbm
856 2803 1013 2901 -dcflrcto
1034 2820 1236 2906 separentur
1247 2807 1359 2880 Azor.

276 2929 316 3001 p.
334 2903 368 2973 8.
383 2905 407 2974 l:
427 2904 497 2976 3c.
517 2905 538 2976 3
555 2931 588 3003 q.
617 2931 638 2978 a
656 2904 764 2999 Hesp.
778 2932 850 2979 non
864 2931 974 2999 posse
998 2904 1088 2978 licut
1105 2930 1182 2977 cum
1197 2902 1335 2993 absolui
1345 2959 1360 2989 ,

280 3003 468 3095 antequam
484 3000 529 3071 cb
545 3027 590 3073 ea
604 3001 768 3093 (seilicet
791 3001 1021 3095 concubina)
1038 3017 1240 3098 separatum·
1266 3002 1358 3073 item

269 3096 390 3201 'Rode
406 3097 500 3196 Sylv.
521 3098 706 3171 Fetnaud.
722 3101 911 3231 Marparita
930 3157 938 3184 ‚
960 3116 1028 3174 etc.
1048 3129 1066 3174 a
1097 3098 1147 3173 ud
1170 3096 1248 3183 Pal,
1266 3097 1359 3174 dict.

281 3208 318 3269 n.
339 3196 379 3267 itt
394 3220 435 3267 ex
447 3194 492 3268 D.
510 3196 713 3295 Augustino
729 3199 765 3271 in
781 3227 813 3273 c.
828 3199 1047 3287 satisfactio,
1059 3130 1245 3272 lePoenir.
1261 3200 1357 3272 Dist.

282 3294 316 3367 3.
332 3291 394 3364 ubi
412 3294 464 3366 sic
481 3293 572 3365 dicit
587 3323 607 3381 ε,
618 3293 819 3390 Scn'sjactr'o
842 3297 1051 3392 penitencie
1070 3314 1123 3369 cst
1131 3310 1358 3413 peccatorum

250 3406 409 3464 ''cousus
429 3391 621 3482 excidere,
647 3419 759 3493 neque
783 3420 901 3466 eorum
925 3394 1200 3494 suggestionibus
1226 3393 1359 3465 aduam

268 3488 464 3585 'indulgere
492 3489 591 3590 Ergb
614 3506 758 3565 tenetur
781 3497 961 3590 poenitens
986 3492 1069 3566 auti
1086 3489 1357 3565 absolutionem

280 3589 509 3661 occasionem
527 3588 691 3679 arrianae,
710 3589 799 3667 aliis
811 3590 1102 3691 suggestionibus
1121 3590 1259 3663 aditum
1279 3614 1356 3661 nou

278 3682 536 3787 praecluderet.
565 3689 718 3761 Ratior.
746 3688 857 3788 bujus
877 3690 1142 3781 sententiatos
1158 3692 1206 3759 ait
1220 3687 1360 3777 Carti.)

278 3785 423 3857 videtur
436 3811 525 3873 esse,
537 3787 621 3885 quia
664 3787 752 3858 rima
767 3788 943 3860 sententia
959 3788 1100 3860 videtur
1117 3787 1258 3859 damin
1274 3811 1361 3885 prce·

262 3894 265 3905 '
279 3883 463 3957 trisenon
480 3883 525 3955 ab
539 3887 617 3957 Iun.
631 3813 691 3959 bl.
702 3884 772 3956 Sed
786 3886 864 3957 baec
875 3887 967 3958 ratio
977 3913 1050 3958 non
1065 3888 1262 3963 convincit:
1272 3909 1362 3956 nam

278 3980 383 4052 aliud
395 3997 445 4054 est
462 4008 566 4080 posse
582 3980 720 4055 absolvi
737 4007 842 4066 eum,
859 3986 924 4085 qui
948 3985 1176 4057 occasionem
1196 4007 1267 4054 nan
1291 3981 1364 4051 vult

277 4078 492 4159 omitterent
504 4081 648 4155 dicebat
688 4082 1093 4180 copositiualiudnum,
1106 4084 1169 4182 qui
1185 4080 1267 4152 licet
1281 4103 1360 4152 nou

203 4226 213 4255 s
276 4108 1362 4269 relitomittereautbabsolutionembcnbtamenrultnmit·

255 4306 259 4321 ·
274 4275 483 4351 tarestatim
492 4278 1017 4378 postabsolutionemllatioa.
1030 4280 1115 4381 quia
1125 4294 1360 4383 preceptum
