2884 4684
265 173 346 267 Cap.
363 175 390 243 1.
411 174 500 243 ‘uus
520 170 562 240 11.
580 172 630 241 De
652 174 786 241 essentia
799 168 895 264 hujus
919 169 1127 240 Sacramenti.
1171 168 1235 237 545
1336 257 1341 267 ἱ

156 276 198 354 in
225 283 289 357 [in.
322 300 358 357 et
384 286 528 358 Hoizm.
563 315 601 360 n.
632 288 715 379 542.
740 312 772 356 v.
801 284 902 374 Dixi,
928 270 1001 381 non
1026 282 1236 380 prohiberi,

157 385 249 479 quin
271 386 437 483 opposita
449 379 565 484 possit
581 382 653 456 dici
673 379 950 482 improbabilis,
969 396 1005 456 et
1021 381 1131 470 salsa,
1150 382 1236 481 quia

150 477 448 576 'improbabilius
465 538 474 567 ,
492 500 528 554 et
543 482 678 574 salsitas
699 509 773 553 non
787 497 873 554 snut
889 507 1053 555 censurae
1070 478 1236 552 Theolo-
1345 492 1347 496 ’

155 577 258 676 giem.
277 579 628 681 Preterquamquud
640 580 824 667 Pontifex,
838 574 1007 668 dicendo,
1020 581 1237 651 sementiam

154 681 357 775 negantem
387 679 591 753 dilectionis
619 680 871 768 necessitatem
898 681 936 749 in
959 678 1140 750 attritione
1159 702 1236 757 esse

160 798 398 849 communem
419 778 794 865 interscholasticos,
813 777 976 848 videatur
993 781 1057 867 (ut
1071 772 1235 876 apposite

150 869 312 945 'advertit
332 875 374 946 P.
393 875 488 948 Viva
503 876 540 947 in
560 875 598 953 d.
618 878 769 972 Propos.
796 878 835 948 15
857 903 895 947 n.
916 874 998 966 33.)
1017 880 1091 945 non
1115 872 1236 946 soiirm

151 968 261 1043 iilam
295 971 484 1058 tolerdsse,
508 974 574 1045 s'ed
604 975 711 1064 etiem
736 973 1011 1072 quodammodo
1040 969 1237 1070 approbes·

150 1074 229 1157 ‘se,
260 1070 389 1143 saltem
428 1098 602 1168 magnum
637 1071 781 1171 pondus
812 1072 883 1168 ipsi
910 1072 1035 1169 utique
1068 1070 1196 1141 tribuit
1223 1095 1236 1150 ;

160 1190 245 1239 cum
261 1169 360 1240 enim
377 1169 814 1266 ageretu1·de¹sententia,
833 1195 916 1268 quae
937 1183 1095 1269 pertinet
1112 1168 1157 1239 ad
1172 1195 1238 1237 va-
1350 1182 1351 1185 ’

158 1263 277 1339 lorem
293 1267 533 1352 Sacramenti,
550 1285 585 1341 et
601 1266 977 1350 testeturAiexander‚
993 1266 1240 1363 Sciroiasticos

160 1365 491 1438 eam'communiirs
504 1368 703 1466 excepisse,
720 1381 988 1464 consequenter
1006 1379 1177 1449 testatur,
1196 1366 1239 1435 in¹

164 1460 301 1533 scholis
320 1465 436 1561 ipsam
455 1464 689 1554 communius
708 1464 834 1537 haberi
847 1491 912 1563 pro
925 1464 1108 1535 moraliter
1119 1479 1236 1550 certa;

164 1560 352 1633 neminem
369 1564 467 1635 enim
484 1561 591 1647 latet,
609 1564 654 1657 in,
666 1564 816 1636 materia
830 1562 1146 1634 sacramentorum
1162 1556 1238 1632 illi·
1273 1646 1285 1661 „

149 1659 373 1732 'citum'esse
390 1665 495 1761 sequi
516 1662 751 1760 opinionem,
770 1688 851 1761 quse
869 1688 942 1731 non
967 1659 1087 1732 situel
1107 1661 1238 1749 tutior,

158 1753 217 1826 vel
242 1756 430 1831 moraliter
447 1767 543 1831 eerta'
566 1787 576 1828 ι
596 1760 729 1833 Saltem
744 1756 933 1844 Pontifex,
950 1760 978 1830 si
996 1760 1100 1830 aliter
1116 1761 1240 1830 inten-

112 1874 116 1881 ’
160 1851 296 1945 disset,
321 1854 359 1926 id
382 1855 597 1955 simpliciter
619 1856 813 1930 asserendo
837 1909 857 1940 ,.
876 1884 1045 1953 magnum
1074 1856 1236 1929 dedisset

159 1978 284 2025 ansam
302 1952 449 2028 errandi
469 1955 508 2026 in
525 1981 564 2028 re
577 1959 648 2028 tim
666 1956 783 2052 gravi,
802 1969 838 2026 et
856 1955 901 2026 ad
915 1955 1054 2053 praxim
1072 1971 1240 2048 spectan-

158 2063 214 2135 te,
233 2051 343 2151 proiit
353 2067 407 2125 est
420 2053 570 2125 materia
581 2059 745 2150 proxima
760 2052 871 2151 hujus
882 2054 1125 2144 Sacramenti,
1138 2053 1238 2126 unde

148 2152 215 2221 ¹tot
233 2150 437 2223 animarum
457 2149 594 2247 pendet
610 2151 721 2223 salus.

207 2246 388 2335 Probatur
407 2275 426 2320 α
448 2250 605 2338 ratione,
623 2251 709 2349 quia
724 2252 953 2322 Sacramenta
967 2248 1007 2321 id
1022 2247 1172 2346 quidem
1190 2248 1240 2321 ef-

148 2342 291 2419 ·ficiu'nt
303 2406 312 2431 ‚
325 2362 361 2419 et
378 2363 461 2419 actu
478 2348 639 2420 efficiunt
651 2400 660 2430 ,
671 2348 1003 2446 quodsignificant3
1019 2372 1104 2419 cum
1119 2363 1240 2433 autem

150 2442 232 2516 'huc
252 2444 528 2521 Sacramentum
552 2471 595 2518 ex
620 2444 756 2520 Christi
776 2446 1013 2518 ¹institutione
1040 2447 1086 2516 sit
1113 2447 1240 2517 Sacra·

158 2538 326 2614 mentum
338 2542 575 2631 Mortuerum,
591 2561 627 2617 et
641 2571 706 2642 per
719 2571 757 2616 se
772 2546 928 2641 primam
938 2543 1056 2615 valeat
1071 2544 1240 2616 conferre

162 2641 333 2736 gratiam,
362 2642 590 2741 oportetiut
612 2641 720 2715 ducet
736 2646 779 2715 D.
805 2642 875 2715 Th.
902 2669 936 2740 p.
964 2641 1038 2740 3qr
1061 2644 1107 2732 84
1124 2656 1193 2714 art.
1217 2641 1239 2711 3

162 2738 210 2810 ad
238 2740 296 2837 5.)
311 2753 354 2813 ut
377 2740 552 2813 Sacerdos
568 2740 813 2815 Poeniteutenr
837 2740 1025 2811 atsotvens
1053 2739 1242 2826 ostendet,

165 2836 275 2909 ilium
294 2837 504 2911 absolutum
529 2864 604 2911 non
628 2836 749 2911 solirm
776 2838 1030 2934 significative,
1047 2835 1115 2907 ¹sed
1131 2841 1242 2910 etiam

162 2935 324 3010 effective
340 2993 349 3023 ,
368 2936 482 3021 idest,
507 2953 569 3021 ut,
587 2938 666 3037 ipsu
689 2938 895 3106 proferente
921 2937 1077 3008 sormam
1091 2934 1242 3007 absolu·

147 3035 275 3106 ‘tionis
295 3090 304 3121 ,
324 3034 434 3108 verba
458 3033 521 3107 iila
548 3062 623 3107 uon
648 3063 687 3107 so
707 3035 775 3107 itm
800 3037 1027 3134 significent,
1048 3034 1112 3106 sed
1133 3035 1243 3108 etiam

163 3131 320 3205 efficiant
339 3134 587 3207 remissionem
609 3120 757 3231 peccaii.
771 3135 866 3205 liinc
881 3134 1037 3205 dicimus
1052 3191 1059 3216 ,
1076 3128 1195 3231 qnod,
1212 3137 1243 3204 si

163 3230 297 3303 attritio
314 3231 359 3301 ad
375 3233 622 3304 remissionem
639 3258 712 3303 non
724 3232 924 3319 sufficeret,
940 3247 976 3303 et
996 3248 1243 3323 requireretur

164 3329 352 3415 contritio,
369 3357 448 3428 quae
464 3337 560 3402 ‘extri
570 3333 845 3405 Sacramentum
858 3324 1040 3402 truurinu'u
1055 3331 1239 3426 justificat,

165 3452 291 3499 omnes
309 3430 527 3525 prenitentes
543 3428 720 3501 deberent
731 3430 910 3519 justificati
925 3430 1096 3502 accedere
1113 3428 1157 3499 ad
1173 3427 1241 3499 iruc

149 3525 449 3598 ‘Sacramentum
469 3525 545 3601 Nee
563 3528 682 3599 obstat
697 3527 838 3613 dicere,
853 3528 951 3625 quod
970 3527 1107 3598 etiimsi
1125 3526 1242 3621 punti-

162 3637 282 3696 tentes
301 3650 446 3722 semper
469 3626 655 3720 justificati
680 3627 914 3713 succiderent,
939 3651 1082 3722 semper
1104 3625 1137 3693 vi
1155 3622 1242 3697 Cla-

162 3721 262 3794 vium
289 3737 436 3822 peecata
461 3724 768 3811 remitterentur,
796 3751 879 3795 eum
906 3722 1034 3795 doceat
1052 3721 1241 3793 Tridenti-

146 3824 280 3908 'num,
307 3819 573 3895 contritionem
600 3820 776 3895 charitate
796 3823 995 3921 perfecturis
1016 3848 1087 3891 non
1110 3820 1241 3917 'ustiti-

163 3945 247 3993 care
274 3918 352 4021 sip'e
371 3921 602 4019 'Sacramenti
630 3935 712 3992 voto
741 3922 930 4017 (intellige
956 3920 1154 4018 enpiicit03
1183 3916 1242 3991 vei

151 4002 386 4118 impliciti„
406 4016 500 4091 Nam
527 4018 791 4117 respondetur,
812 4019 937 4121 quod,
968 4022 998 4092 si
1029 4019 1239 4117 hocesset,
