2884 4684
210 209 215 225 '
251 212 318 284 550
361 198 779 284 Ln.rrlrnct.1v.ne
796 192 1225 285 Sacramentoi‘oenitentiae.
1257 258 1261 268 ·

254 329 363 401 etitm
372 329 446 402 dici
460 326 581 416 debet,
592 326 694 425 qnod
704 328 865 400 remittat
882 340 1085 423 paccatum.
1101 326 1336 403 Potetminus

254 424 516 500 luculenterex
527 426 665 499 Divinis
676 425 890 522 scriptoris,
911 427 1033 526 qnod,
1051 430 1114 546 qui
1133 430 1253 500 Deum
1273 424 1334 496 di-

254 522 354 623 ligit,
369 531 440 623 jorn
456 526 636 625 particeps
651 525 699 596 sit
710 525 878 596 amicitiae
891 525 976 615 Dei,
992 541 1101 624 prout
1113 523 1281 598 Proverb.
1299 523 1335 595 8.

253 623 334 719 Ego
359 625 538 722 diligenter
564 649 621 695 ma
642 621 760 720 dzt‘go.
788 624 922 696 Joann.
957 628 1010 718 14.
1040 623 1111 724 Qui
1131 622 1240 720 dilrgrit
1260 646 1337 709 me,

254 720 412 819 dilrketur
429 721 576 815 aPatre
588 744 678 792 mea.
704 721 853 793 r..Patrr'
866 726 902 813 4.
927 721 1092 794 Charitas
1109 722 1221 817 opem!
1242 718 1336 789 mul·

254 819 435 892 titudinem
443 834 677 913 peccatorum.
698 846 730 890 ι.
746 820 853 892 Joan.
871 823 906 913 4.
921 820 1045 893 Omnis
1065 818 1127 915 qui
1138 817 1265 913 diligit,
1286 842 1337 887 aa

255 910 452 990 Dea'aatns
465 932 529 989 est.
544 917 640 990 Hinc
654 917 700 990 D.
716 918 961 1017 Augustinus,
982 924 1049 1009 (tr.
1065 941 1103 1015 9.
1122 918 1159 988 in
1174 915 1337 1010 Joann.)

257 1016 368 1089 dixit:
390 1016 513 1087 Timar
526 1014 835 1100 medicamentum,
861 1016 1018 1088 charitas
1034 1014 1173 1087 sanitas
1196 1032 1261 1085 ast.
1290 1015 1340 1085 Et

258 1113 288 1189 l.
314 1142 324 1186 ι
353 1128 479 1188 contra
503 1139 535 1184 2.
560 1116 592 1186 E
622 1112 719 1187 istol.
745 1114 868 1212 Pelag.
891 1140 972 1212 cap.
997 1141 1030 1187 2.
1054 1111 1217 1185 Chan'tns
1237 1110 1344 1205 rffcit

243 1212 365 1310 filiam
382 1212 463 1283 Dei.
486 1210 577 1283 Item
594 1140 710 1283 ierrn.
731 1212 790 1285 35.
810 1212 856 1283 de
877 1215 980 1285 Prov.
996 1238 1029 1287 c.
1058 1237 1111 1284 η.
1135 1213 1248 1283 Deum
1265 1233 1339 1282 non

259 1310 370 1398 viles,
382 1337 467 1382 ama
480 1366 489 1395 ‚
504 1307 672 1383 artabas.
689 1312 734 1382 Et
748 1323 793 1383 tr.
807 1316 846 1409 9.
863 1314 898 1383 in
912 1312 1047 1384 Joann.
1068 1336 1175 1407 agens
1193 1309 1239 1382 de
1253 1307 1340 1381 oha-

256 1408 363 1481 ritate
375 1406 483 1481 dicit:
498 1407 610 1507 (laam
625 1433 702 1479 cam
712 1405 841 1480 habere
854 1409 989 1503 caperit
995 1407 1101 1480 homo
1112 1407 1292 1504 ,Spiritum
1303 1404 1340 1477 S.

257 1504 413 1583 habebit.
437 1507 471 1579 S.
490 1506 626 1578 Joann.
645 1505 831 1604 Chrysost.
859 1505 931 1578 Ubi
952 1505 1109 1579 chan‘tas
1132 1523 1201 1586 est,
1221 1503 1343 1578 amnia

258 1603 394 1685 ¹sublata
414 1618 498 1677 snat
514 1604 619 1675 mala.
647 1607 696 1677 Et
712 1604 872 1702 apertior
897 1603 935 1676 id
963 1604 1096 1678 docent
1113 1606 1149 1677 S.
1167 1603 1238 1676 Th.
1260 1628 1296 1675 2.
1318 1627 1340 1673 2
1411 1682 1414 1687 ,

260 1731 296 1805 q.
308 1703 355 1797 45
368 1728 419 1778 ar.
430 1706 466 1796 4.
480 1701 545 1775 ubi
562 1703 610 1773 air
623 1728 634 1782 ,·
648 1701 854 1783 Chan'tnw
866 1728 938 1773 narr
949 1718 1064 1795 potest
1079 1727 1157 1775 assa
1169 1729 1245 1773 aum
1254 1726 1343 1799 pec·

204 1834 206 1839 ¹
257 1815 337 1877 cato
350 1803 496 1873 mortali.
518 1803 566 1872 Et
583 1798 685 1898 qnod
704 1800 765 1873 htc
781 1804 818 1873 S'.
840 1805 975 1879 Doctor
1001 1828 1073 1873 non
1096 1800 1271 1899 loquatur
1294 1800 1341 1871 de

206 1918 209 1921 “
259 1898 1341 1996 charitateintenoivoneddesolacharitatepraedominante,

260 2012 361 2098 patet
375 2022 417 2070 ex
434 2023 494 2084 eo,
509 1996 609 2095 quod
624 1997 778 2092 ipsomet
789 1997 865 2071 dixi
879 2024 941 2097 qn.
958 2000 1003 2090 24
1016 2013 1081 2071 art.
1099 2025 1151 2071 ια.
1164 1996 1210 2068 od
1226 2020 1343 2095 quam

200 2100 202 2104 ⁴
261 2122 301 2169 te
318 2097 489 2180 remittit,
508 2094 569 2167 obi
590 2096 709 2195 inquit
730 2123 738 2166 :
762 2095 1020 2192 Quiliberactus
1034 2096 1170 2188 peccati
1184 2094 1344 2166 manain

206 2215 209 2225 ·
260 2194 492 2267 contrariatur
498 2191 665 2265 charitati
674 2194 864 2266 secundom
871 2193 1048 2292 propriam
1062 2195 1252 2271 tattonem,
1268 2218 1345 2289 qua

261 2291 420 2366 consistit
433 2290 468 2362 ia
482 2289 569 2374 hac.
584 2291 679 2387 qnod
690 2292 791 2363 Deus
805 2291 960 2391 diligatur
974 2292 1219 2383 superomnia.
1232 2287 1345 2365 Undt

206 2412 208 2417 ’
263 2384 445 2463 immerito
463 2391 504 2462 Ρ.
521 2390 684 2463 Concinn
704 2390 814 2476 dicit,
831 2390 980 2489 qnodS.
997 2388 1246 2463 Doctoriliam
1260 2390 1347 2462 oha-

203 2504 207 2518 '
261 2491 409 2563 ritatem
428 2488 609 2585 intelligat
632 2515 706 2561 non
733 2514 840 2588 posse
859 2514 935 2562 esse
962 2515 1046 2561 cum
1068 2504 1240 2588 peccato,
1259 2512 1346 2587 quae

201 2633 204 2639 -
262 2602 320 2663 est
331 2591 372 2675 in
389 2586 504 2685 gradu
521 2589 665 2662 intenso
681 2644 690 2674 ‚
708 2613 792 2660 cnm
812 2587 954 2660 dicatS.
970 2587 1041 2661 Th.
1058 2590 1096 2660 in
1108 2588 1241 2687 Suppt.
1263 2612 1304 2686 q.
1321 2586 1344 2661 5

211 2686 215 2693 ’
265 2704 334 2758 ort.
355 2686 386 2759 3.
405 2686 521 2758 Amor
531 2701 652 2781 potest
663 2711 743 2757 esse
758 2686 807 2756 ita
819 2685 1004 2771 remissus,
1020 2686 1116 2782 qaod
1125 2710 1198 2758 non
1219 2684 1347 2776 sufficit

264 2786 317 2856 ad
338 2785 506 2858 rationem
528 2782 718 2856 charitatis.
746 2776 840 2876 Noni
871 2782 1140 2882 respondetur,
1163 2782 1265 2883 quod
1285 2781 1347 2854 hio

264 2881 309 2956 D.
325 2884 395 2957 Th.
411 2881 503 2953 nihil
520 2880 620 2953 alind
635 2882 719 2953 velit
735 2880 955 2977 intelligere,
976 2881 1045 2954 nisi
1062 2881 1183 2981 qood,
1195 2885 1225 2953 si
1244 2907 1348 2953 amor

266 2993 320 3052 est
334 2982 383 3053 in
398 2977 549 3071 debitis;
567 2998 608 3052 ut
628 2978 795 3053 nonditm
814 2981 967 3078 attingat
983 2978 1168 3076 objectum
1190 2979 1346 3054 chorita·

266 3077 312 3150 tis
326 3132 334 3159 .
349 3079 492 3152 scilicit
508 3077 675 3151 nondinn
694 3076 760 3152 dili
789 3094 825 3152 at
839 3080 957 3151 Deum
973 3104 1084 3178 super
1100 3080 1224 3152 omnia
1237 3135 1247 3162 ‚
1261 3077 1343 3150 horo

197 3228 201 3235 -
268 3202 343 3250 non
359 3181 405 3251 sit
421 3202 503 3248 vera
523 3176 700 3261 charitas,
718 3105 786 3250 sei

196 3377 200 3385 ’
268 3376 366 3453 tione
379 3375 447 3448 Dei
466 3400 576 3472 super
593 3375 714 3447 omnin
726 3432 734 3455 ‚
746 3378 761 3461 (
769 3391 811 3446 ut
821 3400 911 3474 supr
947 3374 1137 3473 explicavit
1151 3373 1239 3448 dict.
1255 3401 1292 3473 q.
1307 3369 1352 3467 24

270 3488 338 3545 art.
363 3492 417 3546 tn.
437 3471 520 3545 nbi:
540 3471 686 3572 Quilibet
705 3478 818 3568 ern),
838 3472 916 3548 haeo
931 3488 1277 3573 quantumcumque
1304 3472 1350 3542 sit

268 3572 419 3646 remisso
431 3627 440 3657 ,
453 3585 507 3646 est
519 3597 603 3645 vera
615 3570 771 3646 charitas
784 3626 793 3657 ‚
804 3588 841 3645 et
855 3570 950 3645 hanc
966 3570 1053 3644 dicit
1067 3598 1141 3644 non
1158 3597 1262 3670 posse
1275 3594 1351 3642 esse

272 3692 358 3743 cnm
376 3684 525 3770 peccato
546 3668 703 3745 mortali.
720 3673 769 3744 Et
785 3671 876 3743 ratio
893 3668 1041 3753 evidens
1061 3684 1133 3750 est,
1154 3669 1241 3769 quia
1257 3667 1353 3741 sucht

205 3794 213 3805 ·
272 3794 516 3869 quaecumque
540 3772 678 3842 aversio
703 3772 721 3840 ὲ
747 3772 823 3842 Deo
842 3772 1030 3867 tamqutm
1055 3772 1073 3840 ὲ
1104 3770 1174 3840 fine
1195 3767 1352 3850 ultimo,

272 3870 383 3943 otitm
401 3869 440 3942 in
469 3865 581 3967 gradu
598 3867 777 3952 remisso,
799 3867 933 3941 sufficit
958 3867 1005 3939 ad
1029 3866 1269 3939 omittendam
1285 3864 1353 3938 Dei

189 3992 192 3997 ’
273 3967 492 4051 amicitiam,
511 3967 562 4040 itt
579 3991 827 4064 quacumque
848 3992 931 4038 vera
947 3966 1133 4038 conversio
1151 3964 1287 4039 sufficit
1305 3961 1353 4033 ad

270 4087 354 4141 eom
369 4065 681 4165 recuperandam,
706 4090 752 4141 ex
773 4064 863 4139 illo:
886 4063 1135 4141 Camertimini
1153 4062 1204 4138 ad
1223 4087 1301 4147 me,·
1317 4075 1353 4135 ot

801 3178 946 3250 initium
968 3176 1153 3250 charitatis
1171 3201 1180 3264 ς
1198 3178 1235 3251 Si
1261 3174 1348 3249 veri)
1440 3192 1441 3203 ¹

265 3275 405 3349 sufficit
420 3276 466 3348 od
482 3279 662 3349 rationem
676 3275 880 3364 charitatis,
898 3301 980 3447 (9183
997 3277 1162 3349 consistit
1179 3278 1219 3347 in
1235 3275 1350 3349 diiec·
1440 3330 1441 3355 .
