2884 4684
182 178 246 243 42⁹
289 173 362 243 tsss.
382 174 440 243 vl.
457 170 565 244 Tract.
584 164 643 244 IV.
661 177 711 244 De
726 175 930 267 sacramento
946 172 1153 242 Puniteutiae.

137 292 140 297 ’
181 316 201 353 s
232 288 280 361 ris
293 285 542 386 praeceptive]
552 286 700 360 alterius
714 288 943 375 necessitutis
953 288 1019 359 etsi
1030 310 1105 359 nun
1117 276 1263 381 integrh

181 414 213 454 a·
231 385 466 482 intelligatur,
477 387 506 457 si
515 385 887 484 nequeGunfessarius
897 385 1029 483 linguae
1040 407 1259 483 gnarusme·

185 504 205 551 u
233 509 305 585 que
317 485 496 583 interpres
507 482 634 557 haberi
642 486 767 585 possit,
780 482 855 557 imh
867 486 933 556 etsi
949 485 1042 556 adsit
1055 487 1256 582 interpres,

181 608 204 650 u
233 584 420 655 nonenim
437 583 938 682 teneturpereumcuufiteri‚
956 595 997 655 ut
1009 582 1258 654 docentSuar.

181 707 200 745 n
231 680 461 781 Vasquisu.
475 680 545 752 nisi
559 679 651 754 forth
664 682 701 755 iu
739 680 878 754 ericulo
893 682 1039 768 mortis,
1053 681 1091 752 in
1104 705 1178 778 quo
1191 678 1257 749 sli-

182 806 201 843 ι
221 780 463 879 ,φιᾳηιίηοτα
480 779 645 852 confiteri
662 708 796 853 sufficit
813 836 822 864 ‚
841 780 858 815 ⁹
876 779 973 875 (Sed
983 778 1085 851 etidm
1100 795 1258 874 tempore

180 905 203 945 s
231 876 350 950 mortis
357 868 532 973 probabile
545 891 603 948 est
613 900 690 969 eum
707 900 779 951 oon
790 878 912 965 tenid,
925 878 1073 950 utSolm.
1084 903 1112 947 c.
1123 901 1144 972 7
1155 901 1194 944 rr.
1213 897 1253 944 21

182 1002 201 1039 s
230 994 308 1048 cum
331 976 444 1069 Cujct.
461 973 537 1045 S'ot.
554 974 640 1046 Pol.
654 991 721 1049 ‘etc
741 975 827 1049 Nisi
842 974 996 1068 riifirrnus
1013 974 1136 1049 dubius
1152 975 1200 1044 sit
1214 974 1259 1042 de

178 1095 204 1142 s»
231 1072 445 1163 contritione,
454 1086 493 1144 ut
506 1072 634 1169 Viruq.
644 1074 749 1166 Mt.
759 1075 824 1148 sn.
842 1100 894 1147 ru.
907 1071 1038 1167 Sufficit
1046 1088 1163 1144 tumen
1176 1086 1259 1142 tunc

184 1198 203 1235 ι
232 1170 347 1243 dicere
361 1170 479 1268 utiquc
499 1170 667 1259 reuulso,
680 1172 788 1246 Solm.
805 1174 842 1243 d.
862 1173 884 1245 l.
901 1197 936 1243 o.
959 1173 1057 1245 2312
1075 1171 1111 1243 V
1107 1171 1162 1240 ivo
1180 1190 1259 1241 cum

183 1296 205 1336 n
232 1269 416 1339 communi.
437 1267 532 1368 Quid
549 1285 701 1363 tempore
719 1268 852 1365 pestis,
879 1271 936 1341 vel
950 1269 1146 1366 contagii?
1171 1267 1259 1365 Vtile

182 1393 204 1433 n
233 1366 566 1462 n.489.)*Vide
593 1367 954 1463 CarddeLugod.
981 1363 1259 1440 1511.63.tv.

183 1491 205 1533 u
233 1462 477 1537 Morihundus
510 1484 576 1536 usu
600 1462 735 1565 liuguae
756 1463 877 1541 subiti»
893 1464 1106 1551 destitutus,
1132 1466 1165 1535 si
1190 1488 1260 1561 pe·
1308 1512 1312 1517 -
1362 1538 1368 1549 ,

183 1590 205 1630 u
234 1573 285 1633 tat
302 1560 467 1650 absolvi,
490 1589 532 1635 uc
552 1562 613 1641 det
631 1565 732 1661 sigua
750 1563 910 1653 doloris,
932 1561 989 1637 rel
1012 1561 1095 1635 aute
1117 1560 1260 1635 dederit

183 1687 201 1724 s
233 1685 356 1732 coram
369 1658 448 1733 aliis
462 1689 470 1733 ε
485 1659 597 1734 modh
610 1661 651 1735 id
666 1663 791 1736 feccrit
805 1663 841 1734 in
856 1662 983 1735 ordine
997 1661 1044 1753 ad
1054 1663 1260 1733 Sacramen-

186 1784 206 1825 η
234 1772 312 1830 turn
331 1811 340 1842 ‚
359 1758 460 1857 quod
477 1758 523 1831 de
539 1761 666 1859 quouis
679 1762 716 1832 in
732 1785 773 1832 eo
790 1775 882 1833 statu
898 1758 1193 1858 praesumendum
1211 1758 1261 1827 ri·

98 1892 105 1901 ·
183 1884 205 1924 u
234 1852 356 1928 detur.
378 1858 462 1951 Quo
481 1862 566 1929 'casu
598 1858 629 1930 si
657 1863 673 1955 (
687 1856 815 1931 saltim
832 1872 956 1933 coram
983 1859 1062 1957 ipsu
1085 1855 1262 1951 infirmo)

187 1978 207 2023 u
234 1953 307 2028 sich
337 1953 385 2027 ab
415 1976 515 2038 unu„
544 1952 618 2027 sive
647 1954 845 2052 pluribus,
880 1955 1070 2043 mediatis,
1101 1953 1157 2027 rel
1191 1955 1262 2025 im-

184 2076 202 2116 »
235 2050 398 2125 mediatis
425 2051 572 2125 testibus
599 2051 708 2125 detur
732 2053 1007 2139 testimouium,
1027 2052 1260 2125 Sacerdotem

184 2176 205 2217 a
233 2174 309 2223 uon
334 2149 478 2223 tautum
503 2176 636 2247 posse,
661 2150 728 2229 sed
748 2151 987 2249 probabiliter
1009 2150 1119 2223 'etiam
1144 2149 1262 2222 teneri

183 2274 201 2312 s
233 2245 449 2344 absolvere(
468 2249 598 2322 saltem
618 2248 689 2322 sub
709 2250 939 2343 conditione)
961 2249 1095 2321 docent
1113 2251 1228 2322 Diana
1249 2302 1267 2333 ‚

183 2375 205 2414 u
233 2361 270 2418 at
291 2348 379 2443 Lug.
407 2346 442 2417 d.
469 2374 482 2420 ι
532 2354 636 2421 uum.
661 2348 709 2442 84
731 2364 799 2423 etc.
824 2374 866 2421 ex
890 2347 1015 2420 multis
1037 2347 1143 2419 aliis:
1170 2348 1261 2419 item

178 2464 202 2509 s
232 2443 323 2516 Bou.
343 2445 459 2518 citans
478 2370 760 2520 declarationem
781 2443 1033 2520 Cardinaiium
1052 2473 1120 2545 pro
1139 2472 1203 2515 se:
1224 2459 1262 2515 et

179 2568 201 2605 ι
233 2545 348 2642 Proep.
367 2569 402 2645 q.
420 2544 443 2637 4
461 2544 497 2616 d.
513 2544 535 2617 5
551 2558 620 2647 ecca
638 2570 683 2617 eo
699 2543 800 2645 quud
816 2548 868 2617 sic
881 2540 1017 2641 et‘aegri
1029 2545 1237 2618 necessitati
1251 2599 1265 2627 ‚

181 2666 203 2706 u
231 2656 268 2712 et
293 2642 501 2714 reverentiae
524 2642 748 2715 Sucrumenti
770 2642 993 2717 consulitur.
1023 2643 1105 2715 Dixi
1127 2642 1263 2715 Saltim

181 2766 200 2803 s
232 2738 317 2835 quis
331 2737 461 2811 Tarnh.
482 2739 508 2811 l.
533 2764 651 2839 serp.
678 2741 832 2815 confess.
852 2743 967 2813 citans
989 2741 1121 2813 Conin.
1140 2743 1260 2836 Praep.

157 2856 163 2876 ¹
182 2864 203 2905 u
232 2852 269 2909 et
283 2839 388 2933 hugo
405 2835 537 2927 docet,
556 2862 683 2936 posse,
699 2855 737 2912 et
755 2836 887 2912 dehere
905 2839 1043 2911 absolvi
1063 2838 1227 2911 ahsolute
1249 2890 1260 2923 ,

181 2964 203 3002 »
231 2934 298 3008 etsi
318 2936 366 3008 sit
384 2932 514 3008 absens
528 2992 538 3026 ‚
553 2939 617 3034 qui
635 2936 681 3009 de
697 2940 800 3035 siguo
813 2965 935 3012 coram
952 2962 990 3009 se
1010 2938 1093 3011 doto
1112 2951 1265 3011 testatus

181 3061 201 3099 u
230 3032 308 3104 fuit.
337 3033 429 3105 Deni
459 3058 530 3121 ue,
558 3035 587 3106 si
614 3030 762 3109 nullum
789 3040 936 3135 signum
964 3036 1129 3120 dederit,
1157 3034 1261 3107 nulio

181 3158 202 3197 u
230 3129 342 3202 modo
366 3058 610 3205 ahsiivendus
634 3148 712 3223 est,
738 3160 823 3206 curn
848 3149 950 3209 actus
975 3135 1158 3233 judicialis
1184 3158 1261 3204 uon

179 3258 201 3296 a
230 3245 461 3320 exerceatur,
484 3228 553 3303 nisi
575 3234 799 3329 precesserit
822 3239 1015 3305 accusatio.
1039 3235 1144 3305 Licet
1162 3231 1260 3302 euim
1303 3290 1310 3301 .

180 3355 201 3399 u
231 3324 447 3402 recentiores
464 3328 640 3426 quidum,
661 3345 702 3402 ut
720 3328 850 3403 Tamh.
868 3330 915 3402 de
930 3328 1058 3429 exped.
1079 3330 1174 3403 conf.
1197 3330 1220 3397 Ι.
1240 3352 1260 3397 2

180 3452 199 3488 r
230 3446 311 3525 cap.
344 3448 384 3499 to
408 3426 524 3500 citans
551 3428 836 3513 Homohonum,
865 3444 902 3501 et
926 3429 1028 3502 ttolt.
1058 3430 1143 3499 iteur
1165 3424 1260 3499 Phil.

178 3551 201 3590 s
229 3524 372 3597 Servius
388 3526 425 3597 in
443 3528 563 3600 amico
581 3527 706 3612 fideti,
730 3553 808 3624 pag.
833 3554 846 3599 r
875 3551 910 3598 c.
938 3554 967 3600 ι.
991 3530 1124 3599 Antan.
1143 3525 1189 3597 de
1205 3523 1262 3596 tit.
1311 3598 1315 3605 ,

178 3649 201 3689 u
229 3623 354 3696 Barth.
373 3621 419 3695 dc
439 3622 475 3698 S.
498 3625 655 3708 Fausto,
679 3637 749 3699 etc.
769 3641 940 3699 censeant
961 3651 1081 3722 posse,
1099 3622 1175 3696 imh
1193 3621 1262 3692 de-

174 3749 201 3788 u
228 3720 318 3795 bere
333 3721 558 3795 absoletsub
572 3720 808 3812 conditione,
827 3721 1028 3797 dummodh
1044 3721 1130 3794 alias
1147 3718 1260 3820 probe

180 3849 200 3888 u
230 3834 265 3891 et
281 3818 480 3894 christiane
497 3821 641 3909 vixerit,
661 3846 704 3894 eu
721 3822 823 3920 quod
842 3823 1012 3921 praesumi
1034 3823 1148 3918 possit
1163 3821 1261 3891 iute-

178 3946 196 3981 s
230 3914 306 3995 rihs
332 3918 502 3992 elicuisse
524 3921 805 4008 contritionem,
829 3919 941 4019 idque
957 3920 1066 3994 Dian.
1092 3947 1129 4018 p.
1147 3920 1168 4010 4
1186 3931 1214 3989 t.
1239 3917 1262 4008 4

178 4017 269 4106 stt.
291 4040 339 4117 9²
357 4032 401 4090 et·
410 4042 447 4119 p.
466 4042 492 4117 9
509 4030 533 4091 t.
552 4016 640 4093 6R.
664 4042 710 4101 ‚uu
734 4046 778 4094 er
801 4019 879 4095 aliis
901 4016 1098 4095 duodecim
1123 4016 1265 4118 judicet
