2884 4684
264 298 346 394 Cap.
362 297 407 368 Π.
424 295 512 368 nuh.
529 297 572 368 11.
589 300 640 369 De
654 300 796 392 subjecto
812 294 1031 369 Eucharistiae.
1089 403 1092 410 μ
1138 297 1192 395 ’99

101 409 257 489 sauden‘.
282 414 385 491 Ratio
406 427 528 488 antem
544 410 655 512 hujus
678 414 885 485 communis
902 414 1093 487 sententiae
1110 431 1192 504 est,

107 513 196 610 quia
224 513 307 584 finis
330 512 618 611 procreationis,
639 538 726 583 com
750 513 797 588 ait
815 511 967 584 omnino
986 511 1193 600 honestus,

103 612 180 681 etit
202 607 280 682 Deo
303 612 456 694 rolitus,
476 613 561 684 satie
584 623 730 710 reparat
748 607 946 708 quamdam
965 609 1068 682 iliam
1089 612 1193 684 inde·

107 711 287 799 centiam,
304 734 384 807 quae
397 709 497 781 adest
516 710 557 780 in
576 706 887 782 communicando
907 721 988 806 post
1004 708 1191 809 copulam.

105 805 187 879 Nec
203 806 324 879 obstat
345 821 461 879 textus
479 807 517 878 in
535 806 593 879 cit.
614 832 694 901 cap.
715 804 865 888 Scr'att's;
891 833 975 878 nam
994 807 1194 905 respondet

105 899 157 978 D.
182 902 346 977 Thomas
363 906 402 977 in
420 903 541 998 ddist.
564 906 609 979 32
630 931 687 1002 qu.
711 931 722 976 ι
750 918 815 976 art.
833 904 885 975 ad
905 931 934 978 t.
955 929 998 976 ex
1021 908 1193 1002 Magistro

106 1001 276 1075 Sentent·
293 1002 344 1075 ibi
356 1027 563 1076 sermonem
578 1002 654 1076 fieri
667 1001 813 1074 tantiam
826 1002 871 1075 de
884 1001 1057 1078 Ecclesiae
1071 1005 1196 1076 Minis·

102 1102 178 1174 tris
195 1103 422 1200 conjugatis,
442 1100 570 1200 quales
586 1113 671 1173 sunt
688 1101 827 1186 Graeci,
845 1100 981 1200 quibus
1002 1100 1196 1176 interdici-

103 1209 174 1270 tur
189 1197 374 1272 celebrare
392 1197 470 1286 die,
485 1204 556 1298 qut
570 1198 754 1273 accedunt
769 1196 816 1270 ad
835 1225 974 1273 uxores.

158 1299 283 1390 Quaer.
307 1293 370 1371 III.
395 1304 455 1371 An
478 1302 614 1397 conjux
642 1296 803 1370 reddens
836 1296 1003 1369 debiturn
1028 1293 1253 1378 teneat'urart

100 1392 177 1466 itta
193 1394 250 1467 die
264 1395 562 1469 tCommunione
576 1395 759 1469 abstinere
770 1395 786 1466 ,Ρ
796 1395 962 1469 affirmat
977 1394 1090 1492 Cajet.
1106 1396 1196 1468 Led.

100 1492 278 1579 Manuel,
296 1508 361 1566 etc.
374 1492 470 1589 apud
478 1491 608 1582 Sanck.
623 1520 658 1565 n.
680 1520 735 1568 tt.
752 1495 839 1594 qnia
851 1501 864 1589 (
876 1509 915 1566 nt
932 1496 1057 1589 aiunt)
1070 1491 1195 1566 adhiro

99 1588 270 1664 redditio
288 1589 465 1691 reiinquit
485 1596 617 1665 mentia
640 1589 922 1665 hebetationem.
939 1591 1010 1663 Sed
1030 1616 1198 1664 commu-

102 1692 210 1762 niter
222 1687 259 1762 S.
275 1693 408 1762 Antan.
420 1716 456 1780 p.
471 1691 492 1765 3
509 1689 559 1764 tit.
585 1717 596 1763 r
618 1716 696 1787 cap.
717 1691 815 1787 ποθ.
834 1716 869 1787 7.
891 1703 928 1763 et
947 1688 1045 1762 idem
1062 1688 1195 1762 Sanch.

101 1812 148 1864 ιι.
169 1814 224 1874 υ.
239 1814 315 1878 curn
329 1788 378 1862 D.
397 1786 589 1863 Thonad).
608 1788 703 1861 Bon.
723 1790 769 1859 D.
785 1789 920 1861 Aaron.
934 1788 1015 1861 Alb.
1040 1788 1197 1885 Magno,

107 1884 279 1959 Carrhas.
297 1883 651 1975 Suor.Soto,Pah1d.
667 1885 812 1980 Salvast.
833 1883 1044 1960 Turrecrem.
1061 1900 1097 1959 ct
1116 1885 1197 1958 atiio

140 1982 289 2057 loribus
305 1984 457 2070 docent,
475 1984 734 2057 abstinentiam
751 1999 842 2059 tunc
863 2005 941 2056 asse
965 1984 1057 2057 meri
1071 1984 1199 2056 consi-

102 2012 178 2168 fii,
196 2108 270 2155 non
293 2096 416 2156 autem
434 2080 687 2180 obligationis,
708 2083 793 2182 quia
815 2083 960 2156 bonnm
979 2084 1123 2179 justitiae
1140 2107 1199 2156 sa-

105 2180 321 2254 tissaciendi
350 2179 475 2252 debito
507 2178 601 2254 bene
628 2181 874 2279 evagationem
895 2177 999 2255 illam
1017 2207 1201 2280 compen-

109 2293 192 2364 sat,
217 2295 255 2352 et
271 2279 506 2352 cohonestat·
521 2280 574 2352 De
599 2279 669 2353 boc
686 2294 808 2352 autem
831 2293 970 2381 puncto
984 2278 1143 2379 loquens
1161 2280 1197 2351 S.

108 2375 332 2452 Franciscus
363 2376 520 2450 Salesius
541 2379 557 2474 (
569 2376 751 2454 introduct,
778 2393 841 2449 etc.
859 2395 952 2474 part.
981 2403 1105 2474 παρ.
1126 2383 1200 2471 ao)

111 2476 242 2591 inquit
261 2533 270 2563 ,
286 2482 510 2573 conjugem,
538 2474 604 2576 qui
632 2473 803 2550 debitum
836 2474 946 2574 exigit
962 2532 970 2560 ‚
986 2475 1201 2548 indecenter

109 2572 272 2674 quidem
290 2574 338 2647 ad
354 2574 662 2648 Communionem
695 2572 870 2647 accedere
891 2627 901 2657 ,
932 2599 1007 2646 non
1034 2572 1120 2645 verb
1138 2600 1202 2644 ar-

111 2673 280 2747 cendum
305 2675 383 2746 esse
399 2675 463 2772 qui
483 2670 622 2761 reddit,
644 2671 791 2752 dicens.
814 2670 916 2770 quod
933 2672 970 2742 in
991 2673 1104 2744 reteri
1123 2671 1203 2767 lege

109 2785 321 2860 vetaretur,
349 2795 395 2844 nc
416 2767 672 2844 diebus·sestis
697 2768 820 2841 debita
846 2767 1093 2867 exigerentur,
1125 2792 1203 2840 non

113 2886 242 2943 autem
260 2884 303 2942 ut
316 2868 554 2942 solverentur.
570 2866 619 2938 Et
636 2866 728 2941 bnic'
741 2865 960 2966 congruitid
974 2865 1073 2965 quod
1089 2866 1205 2981 εςΐξΡ·

113 2968 163 3042 ait
198 2967 242 3041 D.
277 2971 432 3066 August,
467 2992 579 3064 super
611 2964 857 3062 Psalm.·149.
885 2964 1028 3037 Sinon
1058 2989 1205 3062 exigas,

113 3064 224 3139 redde
252 3090 265 3147 ,·
289 3091 356 3163 pro
394 3063 670 3161 sacruficatt'onc
700 3062 860 3159 ,atficta
876 3063 985 3134 Deus
1013 3061 1079 3134 tt‘br'
1102 3085 1205 3134 com-

111 3161 283 3261 putabit,
311 3162 348 3234 si
347 3215 438 3238 .......
473 3161 596 3235 reddzb'
621 3162 721 3332 guod
746 3161 890 3233 debatur
916 3159 1030 3232 uxori.
1058 3160 1161 3236 Ratio
1191 3217 1203 3251 ,

120 3262 231 3362 quia,
259 3283 346 3335 cum
380 3258 539 3333 redditio
575 3260 619 3333 de
648 3261 689 3331 iti
722 3259 769 3332 sit
805 3274 907 3332 actuo
939 3260 1103 3348 virtutis,
1127 3285 1206 3332 non
1297 3259 1308 3266 “

117 3369 177 3434 'est
198 3384 264 3433 cur
284 3360 471 3433 hominem
499 3363 519 3432 a
539 3359 808 3432 communione
828 3358 1017 3452 impediat.
1036 3357 1087 3428 Et
1097 3358 1206 3429 'idem

116 3457 324 3532 dicendum
348 3474 473 3531 censet
495 3453 625 3529 Sanch.
653 3483 687 3527 n.
710 3455 746 3530 6.
775 3481 852 3526 cum
878 3454 1036 3528 Gerana·
1054 3470 1092 3526 et
1114 3457 1207 3525 Ma-

108 3557 195 3658 jore
219 3612 228 3644 ,
256 3558 286 3628 si
320 3555 453 3658 copula
487 3556 533 3628 sit
561 3553 608 3627 ad
641 3555 946 3628 incontinentiam
985 3552 1206 3639 vitandam,

113 3655 208 3755 quia
220 3681 322 3728 amor
332 3657 581 3738 continentiae,
595 3666 631 3725 et
644 3678 717 3726 non
732 3652 941 3750 voluptatis,
956 3676 1104 3724 causam
1117 3652 1203 3722 satis

117 3754 424 3828 cohonestantem
443 3750 590 3854 praebet.
610 3751 794 3851 Recteque
811 3751 873 3823 bic
886 3750 1081 3823 advertunt
1093 3745 1204 3849 Salm.

117 3876 201 3948 cap.
224 3852 266 3925 15
296 3878 333 3924 n.
355 3854 414 3926 56.
433 3869 469 3923 et
487 3849 620 3925 Sorech.
642 3876 680 3922 n.
698 3873 733 3947 9.
754 3875 831 3921 cnm
849 3847 960 3945 Cajet.
975 3846 1077 3919 Saar.
1097 3845 1200 3932 Salo,

116 3951 247 4023 Aleos.
267 3948 393 4021 Palud
409 3968 473 4023 etc.
500 3948 603 4047 quod
631 3956 769 4045 conjnx
793 3950 933 4021 ratione
964 3939 1205 4020 Eucharistiae

116 4048 369 4147 rescipiendae
386 4047 536 4123 minime
551 4050 730 4120 eximatur
747 4044 794 4118 ab
811 4044 1033 4143 obligatione
1047 4041 1206 4117 redden·

119 4146 162 4222 di
182 4145 355 4223 debiturn
368 4175 392 4224 :-
402 4145 547 4224 tantiam
562 4146 713 4248 poterit,
731 4146 839 4220 utait
856 4142 988 4220 Sanclr.
1001 4169 1079 4218 cam
1093 4138 1205 4232 Sota,
