2884 4684
182 230 267 326 Gap.
290 235 319 302 1.
338 233 426 302 out.
445 232 505 302 m.
523 233 575 303 De
598 232 732 303 menna
751 232 847 327 hujus
867 232 1075 305 sacramenti.
1118 235 1185 328 417

100 346 203 447 quod
216 348 471 449 amplectitur,
490 376 576 421 unm
594 362 636 422 ut
648 349 701 421 ait
719 347 953 432 doctissimus
970 348 1013 425 P.
1030 349 1184 424 Atvarez

101 451 117 538 (
135 445 237 543 apud
250 447 358 521 Croix
371 445 436 519 lib.
456 473 469 520 1
491 474 528 519 n.
544 448 614 544 547
630 452 668 540 ):
687 447 822 518 Plenus
836 472 1030 520 consensus
1042 446 1080 518 in
1095 471 1186 521 mon·
1207 488 1213 497 ’

100 544 170 614 tole
186 559 241 616 est
262 559 361 618 tanto
382 544 565 640 torquebas,
582 558 620 616 ut
639 543 750 635 oslori
761 561 823 616 out
836 544 989 642 ignorari
1006 548 1079 615 non
1094 571 1186 643 pos·
1205 614 1209 621 .
1278 612 1282 637 q

100 637 169 732 sit,
202 642 271 714 sed
295 643 332 714 in
358 640 490 715 recenti
498 642 607 733 focill
631 656 851 741 agnoscatur.
879 643 976 716 Hinc
1003 643 1186 718 Dominus
1282 690 1284 692 ·

101 735 192 813 dixit
206 741 242 813 S.
261 740 467 830 Tlrereaiae;
486 740 605 812 Nemo
620 765 680 813 me
695 739 840 831 antitis,
858 739 932 833 nisi
943 746 1033 813 certo
1049 740 1088 811 td
1100 769 1188 838 cog·

103 855 239 912 noscat.
261 838 320 915 Ad
343 837 639 939 praesumendum
654 854 799 930 autom,
823 828 924 938 quod
938 864 1012 911 uon
1028 837 1191 913 adiuerit

102 934 237 1034 plenus
250 946 451 1009 consensus
464 938 504 1010 in
517 937 669 1012 homine
685 938 747 1037 pio
761 993 771 1024 ‚
784 934 942 1010 maxime
984 950 1114 1011 rosunt
1129 938 1188 1011 he

103 1049 301 1132 sequentes
317 1039 561 1133 conjecturat.
587 1061 676 1134 quas
698 1033 808 1109 tradit
827 966 981 1109 Croixii
1008 1064 1019 1108 ι
1040 1063 1078 1108 ιι.
1100 1036 1187 1134 547.-
1213 1102 1218 1109 .

104 1131 283 1207 nimirum
300 1162 308 1202 :
327 1133 456 1206 situlis
478 1135 615 1206 serium
633 1135 799 1207 animum
818 1149 854 1205 et
870 1133 968 1231 saepe
994 1136 1191 1231 repetitum

108 1231 337 1330 propositum
350 1231 730 1331 habueritnumqubm
741 1232 916 1332 peccandi
927 1230 1140 1321 mortaliter,
1154 1245 1192 1306 et

108 1327 348 1401 nesoiatillud
359 1327 458 1405 oertb
468 1356 506 1403 ae
516 1333 701 1404 revoctsse
715 1359 723 1403 ι
739 1331 864 1403 sicum
877 1328 1189 1422 advertitmalum‚
1214 1393 1216 1402 2

105 1436 310 1517 torreatur,
336 1444 373 1501 et
403 1426 503 1503 illieb
526 1429 766 1502 tentationem
796 1426 972 1526 repellat,
993 1432 1192 1526 statimque

107 1520 264 1614 dubitet,
282 1551 328 1598 au
346 1529 598 1600 consenserit:
618 1529 648 1600 si
668 1526 888 1615 meminerit,
906 1553 944 1598 se
962 1524 1090 1601 timide
1108 1552 1193 1626 pro·

107 1622 259 1695 cessisse
276 1651 286 1694 ι
303 1626 510 1709 sinasoiat,
533 1652 582 1699 au
600 1626 637 1698 iu
657 1623 800 1723 vigilia,
820 1625 877 1696 vel
901 1650 1031 1697 somno
1049 1623 1193 1722 aliquid

106 1718 222 1888 egerit
241 1774 250 1805 ,
269 1720 327 1794 vel
349 1723 577 1821 cogitaverit,
600 1726 630 1796 si
653 1730 751 1797 enim
775 1722 903 1796 fuisset
918 1723 1093 1815 vigilans,
1118 1728 1194 1823 jam

109 1817 124 1890 i
177 1815 411 1908 advertisset,
434 1835 471 1894 et
496 1824 618 1895 sciret.
645 1820 677 1894 E
702 1846 878 1894 curaverso
906 1826 1114 1920 oppositum
1139 1835 1214 1893 est·
1329 1858 1334 1871 =

106 1918 335 1990 censendum
351 1919 397 1993 de
413 1943 469 2010 eo,
480 1921 542 2019 qui
559 1934 612 1990 est
629 1933 792 1993 assuetus
811 1918 857 1990 de
871 1916 970 1992 facili
990 1920 1028 1991 iu
1046 1932 1195 2016 peecata

110 2014 279 2089 mortalia
296 2014 464 2115 prolabi,
483 2017 625 2117 quiain
642 2015 758 2090 dubio
773 2016 1009 2116 presumitur
1024 2018 1091 2090 isto
1108 2042 1196 2088 cou-

108 2114 263 2187 aeusisse
282 2143 291 2183 ε
309 2116 338 2188 si
361 2116 459 2189 euim
480 2115 698 2200 obstitisset,
717 2115 845 2215 ntique
860 2112 1112 2188 recordaretur
1128 2138 1198 2188 eo*-

107 2208 218 2286 nattis
232 2211 344 2301 illius,
360 2239 471 2308 quem
485 2211 556 2286 sibi
568 2213 753 2287 intulisset
765 2213 811 2284 ad
824 2215 1066 2287 tentationem
1081 2212 1198 2306 repel-

109 2308 271 2386 lendam.
287 2309 398 2384 Unde
418 2311 515 2384 recte
531 2311 724 2384 concludit
739 2310 848 2384 Croix
865 2308 892 2383 l.
916 2310 941 2384 6
958 2338 992 2410 p.
1014 2337 1035 2385 ι
1055 2338 1093 2384 n.
1108 2312 1199 2387 612.

112 2408 214 2509 quod
233 2411 289 2481 vix
306 2435 482 2509 umquam
499 2409 538 2481 in
553 2408 768 2505 hujusmodi
784 2407 1012 2494 bominibus,
1033 2413 1108 2481 tbm
1128 2411 1198 2507 pri·

108 2508 163 2581 mi
181 2510 293 2606 qudm
307 2506 459 2582 secundi
478 2507 644 2606 generis,
663 2506 769 2581 detor
784 2505 941 2579 dubium
962 2505 1061 2580 mere
1081 2532 1198 2604 nega·

112 2607 248 2692 tivum,
263 2631 419 2704 praesum
449 2608 498 2678 tio
517 2606 618 2679 euim
633 2607 649 2704 (
659 2622 700 2679 ut
715 2606 819 2678 aiunt
836 2630 922 2678 cum
937 2604 1043 2694 Soto,
1061 2604 1199 2679 Sanoha

111 2705 229 2802 blojo,
248 2720 316 2778 etc.
331 2633 654 2803 (probabilitatem
668 2703 800 2777 fundat
815 2698 1017 2777 consensius
1034 2703 1197 2803 praestiti,

111 2803 170 2876 vel
186 2800 386 2876 dissensio.

160 2899 362 2975 Dubitatur
376 2901 411 2975 3.
430 2926 475 2973 an
490 2914 656 2974 teneatur
671 2899 753 3014 quis
770 2899 934 2973 confiteri
948 2896 1099 2998 aliquod
1114 2924 1252 3070 pec-477

114 3014 236 3074 catum
263 2997 418 3072 mortale
437 2999 535 3074 certe
555 3012 813 3084 commissum,
830 2998 869 3070 iu
889 2994 1020 3088 dubio,
1036 3023 1083 3070 an
1100 2999 1111 3070 i
1131 2998 1198 3072 lud

112 3098 223 3171 suerit
238 3096 294 3170 vel
313 3123 360 3171 no
378 3097 565 3171 consessus
580 3095 598 3168 i
612 3096 868 3195 Respondetur
886 3125 894 3167 :
915 3096 950 3168 st
969 3095 1127 3171 dubium
1143 3114 1199 3170 est

115 3196 348 3294 negativum,
365 3196 539 3296 equidem
554 3210 697 3270 tenetur
713 3194 813 3267 illud
829 3195 1017 3284 confiteri,
1037 3213 1077 3267 ut
1092 3220 1199 3268 com-

118 3296 282 3369 muniter
299 3293 435 3377 docent
450 3293 584 3370 Sauch.
600 3292 626 3368 l.
649 3321 661 3366 ι
683 3318 716 3366 o.
737 3319 777 3366 ro
791 3319 829 3365 n.
849 3318 890 3392 7¹
912 3307 945 3366 et
963 3293 1200 3368 Nav.·8uarez

113 3395 196 3471 Dio.
213 3402 256 3466 'ac
272 3393 334 3466 alii
348 3394 482 3494 passim
496 3420 583 3467 uum
597 3390 710 3466 salm.
726 3419 760 3463 o.
780 3395 804 3465 8
821 3417 858 3465 ιι.
875 3393 933 3484 34.
955 3393 1092 3464 Contra
1114 3390 1201 3465 verb

112 3493 145 3566 ai
160 3490 316 3566 dubium
329 3509 385 3567 est
422 3494 603 3579 ositivum‚
612 3493 662 3564 ito
675 3505 715 3563 ut
728 3489 791 3563 ille
807 3488 1049 3591 probabiliter
1062 3490 1209 3580 creden·

114 3616 155 3668 se
180 3606 371 3691 peccatum
388 3521 485 3664 illud
506 3591 737 3679 consessum
756 3593 830 3688 jam
853 3587 1060 3661 consessum
1088 3589 1202 3663 fuisse

120 3689 223 3765 adest
232 3690 551 3779 sententia‚eteum
563 3715 636 3761 non
646 3687 761 3761 teneri
772 3686 819 3759 ad
829 3686 922 3760 illud
933 3686 1201 3776 confitendum,

117 3784 943 3957 othanctuanturSuar.Nav.Splvestbonac.
962 3784 1201 3886 Lugosalm.

117 3885 483 3971 Croixetc.Veri1m,
502 3885 600 3960 siout
618 3891 665 3958 mi
695 3887 708 3958 i
733 3885 933 3986 probabilis
952 3884 1104 3958 minime
1123 3887 1200 3957 risa

119 3986 193 4063 fuit
215 3984 448 4086 opinioalibi
469 3985 579 4059 relata
608 4009 737 4061 eorum
764 3988 990 4067 Auctorum,
1015 3986 1078 4084 qui
1104 3982 1202 4055 dioe-

125 4082 227 4179 bant,
244 4109 319 4159 non
336 4106 413 4163 essa
429 4081 690 4185 obligationem
705 4080 887 4193 implendi
904 4095 999 4169 rota,
1018 4107 1099 4179 quae
1114 4108 1205 4184 pros¹

272 4182 381 4268 Toto.
403 4172 453 4267 V,
1009 4204 1057 4281 27
