2884 4684
220 237 293 341 394
335 240 407 309 Lib.
426 240 485 309 vt.
503 183 687 310 retulit.
702 240 753 309 De
767 234 971 310 Sacramento
984 228 1190 312 Poenitentr'ae.
1256 224 1261 237 ⁴

223 388 246 421 n
279 358 365 447 tias,
390 351 449 427 vel
469 355 516 426 ad
533 355 692 428 diversos
712 355 954 428 concedentes
979 356 1211 429 referendum
1227 366 1301 439 est;

156 546 158 550 Α
225 487 245 521 s
276 454 331 526 vel
349 456 433 527 facit
449 454 495 525 ad
512 452 703 542 cautelam,
720 470 774 535 ut,
790 455 820 527 si
837 452 929 526 sorte
943 478 1049 526 causa
1064 454 1302 552 indulgentiae

160 578 188 617 ·,
227 584 247 623 n
275 578 351 624 noo
373 553 482 629 suerit
498 552 705 635 sufficiens,
725 554 855 627 saltem
878 551 996 655 valeat
1018 552 1065 645 ed
1088 553 1169 626 illos
1187 578 1303 625 annos

225 683 243 715 a
274 649 1122 749 lucrandum,relut‘adjunctnconceclaturpro
1137 652 1304 725 aliotem·

221 774 249 835 φ,
276 775 383 846 pore,
405 753 571 837 actione,
590 766 626 822 et
638 750 743 840 looo;
759 750 817 823 vel
833 750 994 850 denique
1007 808 1016 835 ,
1031 765 1073 823 ut
1088 776 1131 823 ea
1146 775 1212 850 per
1228 776 1305 822 mo·

222 874 246 919 n
275 848 363 920 dum
383 848 544 947 suffragii
561 850 675 948 possit
691 849 772 922 aliis
789 850 978 950 applicari.
996 849 1045 922 V.
1063 848 1152 923 Bell.
1172 874 1206 923 o.
1220 873 1256 946 9.

274 979 294 1014 n
324 948 428 1044 Resp.
451 974 484 1020 2.
509 949 613 1021 Circa
635 946 835 1021 lubilaeum
861 947 1020 1020 notanda
1042 951 1244 1046 sequentia.
1272 973 1303 1023 1.

223 1076 246 1112 n
276 1050 384 1117 Anno
395 1045 541 1120 Jubilaci
558 1048 596 1118 iu
609 1043 701 1119 urbe
716 1047 890 1136 durante,
903 1045 1078 1146 suspendi
1092 1046 1213 1119 solent
1226 1062 1304 1118 tan·
1421 1114 1422 1129 ,

225 1177 242 1209 a
274 1145 388 1242 tisper
412 1150 513 1217 extra
538 1145 666 1216 urbem
689 1168 819 1218 omnes
840 1144 1083 1244 Indulgentiae
1105 1144 1304 1246 plenariae,

224 1275 245 1323 t>
278 1241 402 1342 quoad
422 1244 520 1316 vitros
535 1248 677 1332 ,etiam
700 1246 737 1315 in
764 1244 969 1318 carceribus
988 1246 1090 1340 (non
1114 1259 1235 1317 tamen
1263 1246 1301 1315 iu

223 1374 246 1412 n
275 1342 441 1439 periculo
457 1343 583 1417 mortis
601 1344 843 1427 constitutos,
858 1354 898 1419 ut
913 1346 1039 1415 contra
1053 1344 1178 1441 Laym.
1194 1341 1220 1414 l.
1236 1341 1258 1415 5
1275 1356 1305 1416 t.

223 1432 245 1511 'n
274 1466 296 1531 7
317 1467 348 1512 c.
368 1445 440 1514 8n.
457 1467 477 1511 2
494 1441 602 1517 docet
613 1443 706 1517 Bou.
724 1442 760 1512 d.
777 1441 802 1513 6
820 1468 857 1542 q.
879 1468 891 1514 t
911 1467 953 1514 n.
967 1467 989 1513 2
1004 1464 1046 1513 ex
1061 1440 1305 1525 declaratione

224 1572 243 1605 s
273 1538 367 1613 Urb.
380 1537 481 1612 thl.
494 1542 584 1613 lacta
595 1565 693 1612 anno
711 1540 800 1612 1625
811 1537 1065 1641 nequequbad
1076 1538 1305 1634 defunctos)r

224 1670 242 1706 ι
272 1639 435 1736 itemque
453 1636 531 1711 aliae
551 1637 762 1726 facultates,
784 1663 815 1711 r.
832 1666 886 1735 gr.
902 1635 1116 1711 absolvendi
1129 1642 1149 1709 a
1162 1635 1304 1712 casibus

131 1773 137 1779 ·
224 1769 241 1802 s
272 1732 387 1811 Bullae
405 1737 554 1823 Coenae,
575 1738 827 1809 commutandi
847 1750 953 1821 vota,
975 1735 1215 1833 dispensandi
1233 1750 1304 1814 etc.

223 1866 245 1905 n
274 1860 457 1911 concessae
492 1838 530 1909 in
563 1833 691 1908 ordine
726 1832 771 1904 ad
806 1834 1003 1907 lucrandas
1034 1832 1216 1931 plenarias
1242 1835 1305 1906 ln·
1421 1836 1422 1843 '

224 1969 241 1998 u
273 1934 496 2035 dulgentian
511 1935 593 2006 Non
604 1934 957 2031 suspenduntureut
968 1932 1215 2031 Indulgentiae
1230 1958 1306 2031 pet·-

221 2063 241 2098 a
273 2036 371 2106 sonis
391 2030 695 2130 particularibus,
711 2042 774 2102 aut
791 2030 835 2103 ab
856 2030 952 2120 alio,
971 2034 1084 2128 quam
1102 2034 1201 2132 Papa
1220 2056 1307 2103 con·

222 2160 242 2199 n
272 2156 399 2217 cessae,
413 2154 482 2200 nec
494 2128 680 2229 privilegia
696 2127 959 2225 Religiosornm
973 2155 982 2217 ;
997 2156 1032 2203 v.
1047 2156 1100 2227 gr.
1115 2129 1304 2203 absolven·
1356 2158 1364 2173 ·
1421 2168 1422 2229 3

190 2290 194 2297 ,
221 2256 247 2298 n
273 2228 310 2300 di
329 2233 350 2300 b
369 2230 574 2317 reservatis,
592 2243 661 2301 etc.
683 2231 767 2329 quin
788 2226 930 2301 tantbm
951 2229 1232 2399 suppendentur
1251 2228 1306 2299 la·

223 2361 241 2394 ι
271 2325 426 2398 cultates
452 2348 636 2400 concessae
658 2327 698 2399 in
724 2325 854 2412 ordine
879 2325 927 2399 ad
955 2328 996 2400 In
1030 2325 1222 2425 uigentina.
1250 2326 1303 2399 lta

222 2458 244 2495 n
270 2425 405 2499 Sanoh.
423 2426 536 2498 Henr.
549 2439 624 2499 eto.
638 2424 738 2523 apud
752 2427 866 2498 Diana
881 2441 909 2496 t.
934 2451 945 2498 r
964 2440 993 2498 t.
1009 2424 1055 2498 de
1069 2423 1177 2501 Bulla
1194 2426 1305 2509 Crnc.
1363 2512 1365 2516 Ι

221 2556 243 2621 n
270 2522 359 2597 Fill.
376 2522 471 2596 Bon.
489 2524 516 2598 l·.
534 2550 565 2598 c.
581 2527 738 2617 Benaon.
753 2540 791 2597 et
805 2522 965 2623 denique
980 2526 1081 2623 Lngo
1097 2526 1134 2596 n.
1154 2550 1201 2596 ao
1217 2537 1302 2596 sect,

176 2690 179 2696 .
222 2646 245 2691 η’
272 2628 297 2699 8
314 2650 350 2694 n.
373 2624 440 2718 145
455 2622 692 2696 εκόεοΙπειῐ,
705 2621 796 2695 Urb.
813 2621 914 2695 Vlll.
932 2647 1030 2695 anno
1054 2622 1155 2713 1625.
1170 2621 1310 2694 Similie

222 2753 241 2790 s
270 2737 325 2794 ter
344 2746 468 2839 neque
485 2721 725 2820 suspenditur
744 2719 897 2792 facultas
917 2744 1088 2796 concessa
1111 2721 1306 2833 Episcopis

223 2853 243 2891 n
272 2845 338 2919 per
350 2808 518 2893 Tndent.
531 2846 615 2893 sess.
629 2822 673 2913 nri
686 2817 1000 2904 c6absolvettdi,
1013 2835 1050 2892 et
1061 2817 1302 2918 dispensandi
1421 2838 1422 2875 ὲ

224 2948 244 2990 n
273 2944 358 2990 cum
375 2919 450 2990 suis
467 2919 622 2992 subditis
641 2975 649 3003 ‚
670 2922 707 2989 in
726 2917 897 2990 omnibns
915 2918 1059 2990 casibus
1077 2917 1163 2991 sedi
1183 2922 1301 3017 Apos-

223 3053 242 3086 ι
274 3017 395 3090 tolicae
408 3018 609 3101 reservatis,
625 3019 716 3090 item
732 3041 800 3089 nec
812 3014 1052 3115 dispensandi
1068 3016 1305 3129 in‘irregulaf

221 3149 241 3194 r·
271 3115 457 3206 sitatibus,
473 3118 512 3188 in
532 3114 802 3216 impedimentis
821 3117 1061 3201 Matrimonii,
1073 3130 1136 3221 aut
1153 3112 1302 3213 petendi
1421 3144 1422 3155 ¹

222 3248 244 3287 n
273 3213 439 3287 debitum
453 3271 461 3302 ,
474 3232 544 3289 etc.
556 3213 975 3315 quaeexjureconrmnn'i
987 3213 1060 3286 illis
1072 3223 1299 3313 competunt.

222 3344 244 3384 n
269 3306 387 3389 Zerol.
407 3342 437 3388 ν.
454 3314 582 3385 Annus
598 3318 760 3404 Sanctus,
775 3312 807 3410 5
822 3318 857 3407 4.
872 3314 1056 3405 Qnintan,
1071 3314 1110 3384 in‘
1127 3309 1312 3414 Append'

220 3410 472 3489 »tssduo
1031 3448 1035 3457 ’

271 3541 291 3579 »
321 3536 355 3583 a.
381 3510 459 3587 Etsi
476 3509 665 3613 probabile
681 3510 728 3584 sit
743 3507 843 3609 quod
860 3504 1074 3583 docet'Nav.
1087 3506 1220 3608 sepibs
1237 3505 1302 3578 ln···
1421 3562 1422 3565 ,

222 3622 243 3691 η’
273 3609 406 3684 crifieri
421 3636 524 3713 posse
536 3604 786 3710 indulgentias
795 3610 891 3682 intra
902 3605 1297 3681 Jubilaeumextensum

223 3742 244 3786 p
273 3708 320 3781 ad
337 3707 427 3780 duas
444 3712 685 3810 septimanas:
707 3709 930 3781 contrariom
948 3722 1069 3780 tamen
1086 3708 1206 3778 verius
1222 3718 1299 3790 estr'
1421 3776 1422 3785 ἶ

223 3843 244 3887 n
276 3806 376 3907 quod
393 3806 523 3909 Congr.
544 3807 652 3882 Card.
672 3805 893 3897 declararit,
911 3822 953 3879 ut
970 3802 1082 3922 babet
1098 3804 1244 3975 &illd
1255 3822 1302 3874 err

223 3904 364 4104 23:¹1:
366 3906 1176 4105 rtuttelstetintluensis
1190 3916 1304 4100 ,n

220 4137 245 4189 p
273 4104 485 4274 praescripta
508 4118 726 4204 prestantur
743 4133 752 4174 z
770 4102 886 4203 idque
899 4124 942 4175 ex
963 4100 1209 4179 declaratione
1229 4097 1298 4173 Ur·

221 4229 245 4279 a
299 4198 471 4288 anivffl,
