2884 4684
228 271 232 279 ·
258 247 341 343 Cap.
358 246 403 315 11.
419 244 508 316 nub.
526 247 569 315 11.
586 243 638 316 De
654 235 797 340 subiecto
809 235 1032 318 Eucharistiae.
1143 273 1184 341 91

109 355 208 430 etiim
223 374 413 433 externam
433 357 727 457 protectionem,
746 361 819 458 qut
838 358 936 432 Dens
958 377 1032 458 noir
1049 362 1186 461 permi-

107 469 183 544 tet,
212 474 257 531 ut
284 458 395 530 bomo
421 473 586 530 versetur
608 457 648 528 in
678 457 958 544 occasionibus,
979 459 1020 531 in
1050 459 1186 560 quibus

67 585 70 592 ·
109 554 281 650 praevidet
293 557 390 630 Deus
408 553 516 628 illum
534 561 720 628 casurum.
736 554 902 629 Effectus
914 555 977 628 IV.
992 559 1186 648 estremit·

108 666 174 724 tere
198 679 348 753 poenam
374 651 611 753 temporalem
643 652 806 730 debitam
827 679 895 755 pro
911 657 1092 754 peccatis;
1113 656 1184 729 bon

109 766 229 825 autem
252 778 332 827 non
366 749 533 837 directis,
564 751 630 825 sed
653 750 834 825 indirecte
864 756 1003 827 ratione
1032 767 1186 827 actuum

92 848 287 923 charitatis
306 865 328 941 ,'
343 851 493 952 quiper
510 850 788 923 Sacramentum
803 854 1032 938 excitantur,
1053 869 1094 925 ut
1112 852 1186 926 do-

106 962 158 1019 cet
175 947 212 1021 S.
234 947 305 1021 Th.
319 975 358 1042 p.
388 947 468 1050 3q.
485 972 533 1048 79
550 965 615 1022 art.
634 949 655 1023 5
674 975 752 1021 cnm
769 949 875 1022 Sulm.
891 971 969 1046 cup.
989 951 1064 1024 611.
1086 951 1130 1025 ds
1150 965 1188 1023 et

104 1044 207 1119 Cone.
227 1075 271 1146 p.
294 1047 366 1121 330
390 1072 425 1117 n.
477 1104 487 1119 .
512 1045 675 1121 Effectus
702 1046 752 1120 V.
782 1063 837 1121 est
853 1046 1007 1121 actualis
1024 1047 1185 1121 dulcedo

104 1143 324 1239 spiritualis,
346 1144 412 1245 qui
428 1070 581 1218 allectus
597 1160 651 1219 est
676 1143 829 1258 quidem
845 1145 1045 1234 infallibis,
1059 1148 1090 1220 si
1108 1171 1185 1220 non

105 1241 305 1340 impeditur
334 1269 378 1317 ex
406 1255 509 1343 parte
537 1242 694 1340 subjecti
721 1273 730 1314 :
757 1245 920 1318 consistit
951 1259 1073 1318 autem
1104 1243 1185 1328 haec

104 1343 252 1413 suavitas
284 1343 321 1413 in
350 1341 643 1442 promptitudine
669 1341 870 1416 voluntatis
895 1341 940 1418 ad
962 1369 1019 1436 res
1043 1344 1185 1440 divinas
1221 1369 1224 1382 ·

104 1434 207 1510 hilari
224 1442 352 1513 animo
367 1437 603 1540 peragendas.
618 1438 782 1514 Effectus
798 1442 862 1514 vl.
877 1457 932 1520 ast
948 1444 1036 1515 unio
1048 1441 1186 1541 specia-

104 1533 146 1608 lis
168 1564 253 1609 curn
269 1537 440 1624 Christo,
460 1555 496 1611 et
515 1536 690 1612 membris
718 1544 816 1634 ejus,
840 1539 1053 1614 exloano.
1070 1541 1114 1611 In
1129 1564 1186 1613 me

92 1639 235 1724 'monet‚
249 1649 289 1706 et
303 1662 367 1736 ego
384 1636 421 1707 in
436 1634 495 1709 itlo
511 1635 675 1710 Effectus
691 1637 774 1709 VII.
794 1653 848 1711 est
863 1638 1010 1739 adeptio
1029 1638 1183 1746 gloriaeffi

105 1730 169 1831 Qui
188 1735 384 1807 manducat
406 1730 501 1807 buno
526 1761 685 1831 panem,
713 1736 803 1807 cr'vet
820 1735 855 1806 in
883 1756 1059 1809 aternum.
1082 1735 1184 1810 Alios

104 1832 204 1902 etiam
226 1831 382 1906 effectus
403 1831 514 1906 habet
543 1832 615 1907 boc
632 1834 909 1910 Sacramentum
927 1860 966 1907 er
991 1861 1009 1906 a
1027 1861 1183 1936 corpus,

105 1941 143 2000 ut
161 1942 291 2003 tenent
307 1931 424 2029 Lago,
441 1930 524 2006 Pul.
551 1944 587 2002 et
602 1929 704 2006 Suur.
727 1959 805 2006 cum
825 1933 933 2005 Sulm.
950 1860 996 2005 id.
1009 1958 1057 2004 ex
1072 1960 1107 2005 n.
1123 1933 1185 2009 36.

105 2025 241 2101 scilicet
272 2027 504 2104 diminuendi
532 2029 695 2124 fomitem
723 2032 1054 2131 concupiscentie,
1085 2019 1187 2105 exci-

104 2126 201 2202 tandi
218 2125 336 2199 bonas
351 2129 630 2227 imaginationes
645 2183 654 2215 ,
667 2128 792 2226 ipsum
801 2155 935 2230 corpus
951 2132 1185 2205 sanctifican-

105 2219 160 2312 di,
187 2228 339 2326 corpori
366 2225 558 2299 tribuendi
586 2229 918 2319 resurrectionem,
953 2244 991 2301 et
1020 2227 1189 2325 gloriam.

107 2320 218 2397 valde
251 2338 376 2397 autem
406 2324 594 2422 probabile
629 2338 684 2399 est
712 2327 891 2425 ,species
923 2329 1185 2416 consecratas,
1239 2353 1242 2364 ·

109 2420 281 2518 quamdiu
300 2425 441 2505 suntin
458 2423 646 2498 stomacho
664 2479 673 2508 ,
691 2427 848 2525 majores
864 2425 996 2521 gratias
1012 2433 1186 2512 causare,

105 2522 226 2617 majori
258 2519 498 2621 dispositione
519 2521 743 2608 accedente,
773 2539 816 2595 ut
839 2521 996 2602 Croixn.
1010 2522 1186 2617 Sadenoi

107 2615 188 2687 Con.
204 2616 310 2690 Suar.
331 2619 410 2715 Cas.
433 2620 511 2692 Vol.
528 2619 640 2717 Lago,
658 2617 755 2693 Vide
775 2619 871 2694 dieta
886 2646 922 2693 n.
940 2645 1023 2718 227.

149 2716 274 2807 Quaer.
303 2717 335 2789 Ι.
361 2722 417 2790 An
442 2717 616 2792 accedere
642 2715 690 2790 ad
704 2717 977 2792 Eucharistiam
994 2744 1079 2815 cum
1098 2744 1245 2840 pec·²⁷0

108 2826 181 2887 cato
201 2814 337 2888 veniali
353 2815 561 2902 habituali,
582 2815 630 2889 sit
650 2839 786 2888 novum
806 2813 976 2888 reniale?
995 2815 1187 2911 Affirmant

108 2907 275 3008 Iayrndr.
288 2916 350 3003 lc.
362 2912 431 2988 6n.
452 2914 488 2988 3.·
506 2931 543 2985 et
560 2914 688 3000 Cone,
711 2941 755 2986 ac
778 2914 856 2987 Dic.
878 2915 975 3009 apud
987 2911 1095 2986 Salm.
1113 2919 1185 3015 c0'7

109 3032 142 3079 n.
158 3011 474 3086 ao.Probabiliter
500 3010 588 3087 verd
615 3028 753 3110 negant
767 3011 882 3104 Solus,
898 3011 964 3098 Su,
986 3014 1096 3113 Vasq.
1121 3029 1185 3091 etc.

112 3133 186 3182 cum
210 3109 342 3183 iisdem
362 3109 470 3182 Salm.
488 3137 524 3182 n.
538 3111 740 3196 saltatio,
761 3125 841 3184 tum
871 3113 957 3212 quia
974 3110 1046 3183 boc
1062 3111 1185 3212 potiris

111 3220 156 3280 est
183 3208 392 3282 deficientia
426 3208 597 3307 perlectae
633 3210 863 3291 reverentiae,
894 3214 1005 3309 quim
1036 3213 1188 3309 positiia

112 3302 335 3380 irreverentia
352 3337 361 3377 :
378 3322 458 3380 tum
478 3309 563 3407 quia
586 3308 665 3408 ipsa
689 3305 860 3381 voluntas
888 3307 1091 3405 recipiendi
1109 3311 1187 3382 Eu·

108 3397 331 3495 charistiam,
354 3420 390 3478 et
409 3410 488 3506 eius
506 3406 679 3480 effectum
696 3421 751 3480 est
766 3405 934 3506 quaedam
950 3406 1113 3480 virtualis
1133 3433 1187 3480 ve·

109 3503 255 3578 bialium
288 3505 510 3590 detestatio,
539 3506 613 3603 quit
638 3505 761 3602 culpae
788 3501 1046 3594 remorentur,
1073 3505 1122 3578 ita
1143 3518 1183 3580 ut

109 3597 188 3700 ipsae
206 3602 604 3690 minimesacramenti
627 3601 789 3676 fructum
804 3603 1016 3704 impediant.
1154 3617 1159 3629 ¹

151 3693 400 3793 Quaeritur'll.
419 3703 566 3802 An,qui
583 3704 832 3777 communicat
851 3725 936 3776 cum
957 3714 1184 3872 peccatore.

108 3796 187 3870 niali
203 3800 353 3885 actuali,
368 3816 497 3899 peccet
515 3798 714 3885 venialiter,
727 3816 764 3874 et
778 3798 940 3876 fructum
982 3805 1182 3884 acrameuti

111 3897 265 3973 amittat?
281 3898 441 3994 Quando
464 3897 576 3999 culpa
591 3898 702 3973 allicit
716 3902 835 3998 ipsam
851 3898 1180 3993 Cpmrnuninnem,

26 4041 27 4044 =
109 3997 188 4092 puti
202 4024 287 4096 cum
310 3999 392 4098 quis
412 3999 663 4072 communicat
686 3997 734 4071 ob
760 3998 907 4069 inanem
923 3996 1077 4095 gloriam
1094 4056 1104 4088 ,
1122 4000 1180 4094 vel

112 4090 215 4169 alium
245 4098 358 4173 finem
387 4095 566 4174 venialem
584 4152 593 4191 ,
609 4120 719 4172 nemo
748 4093 892 4171 dubitat
907 4152 920 4186 ,
936 4100 1028 4198 quin
1057 4098 1178 4175 venia·
