<?xml version="1.0" encoding="UTF-8"?>
<!DOCTYPE html PUBLIC "-//W3C//DTD XHTML 1.0 Transitional//EN"
    "http://www.w3.org/TR/xhtml1/DTD/xhtml1-transitional.dtd">
<html xmlns="http://www.w3.org/1999/xhtml" xml:lang="en" lang="en">
 <head>
  <title>
</title>
<meta http-equiv="Content-Type" content="text/html;charset=utf-8" />
  <meta name='ocr-system' content='tesseract 3.04.00' />
  <meta name='ocr-capabilities' content='ocr_page ocr_carea ocr_par ocr_line ocrx_word'/>
</head>
<body>
  <div class='ocr_page' id='page_1' title='image "./theologiamorali08ligugoog_0104.png"; bbox 0 0 2884 4684; ppageno 0'>
   <div class='ocr_carea' id='block_1_1' title="bbox 248 236 1162 365">
    <p class='ocr_par' dir='ltr' id='par_1_1' title="bbox 248 236 1162 365">
     <span class='ocr_line' id='line_1_1' title="bbox 248 236 1162 365; baseline -0.002 -7"><span class='ocrx_word' id='word_1_1' title='bbox 248 287 291 358; x_wconf 76' lang='lat' dir='ltr'><em>m</em></span> <span class='ocrx_word' id='word_1_2' title='bbox 468 236 1162 365; x_wconf 57' lang='lat' dir='ltr'><em>mmmmmmm“</em></span> 
     </span>
    </p>
   </div>
   <div class='ocr_carea' id='block_1_2' title="bbox 245 395 1345 989">
    <p class='ocr_par' dir='ltr' id='par_1_2' title="bbox 245 395 1345 989">
     <span class='ocr_line' id='line_1_2' title="bbox 246 395 1345 500; baseline -0.004 -25"><span class='ocrx_word' id='word_1_3' title='bbox 246 399 379 500; x_wconf 76' lang='lat' dir='ltr'><em>absque</em></span> <span class='ocrx_word' id='word_1_4' title='bbox 392 400 523 496; x_wconf 71' lang='grc' dir='ltr'><em>ρνωνία</em></span> <span class='ocrx_word' id='word_1_5' title='bbox 547 397 781 491; x_wconf 67' lang='lat' dir='ltr'><em>Confitssione</em></span> <span class='ocrx_word' id='word_1_6' title='bbox 808 395 1049 484; x_wconf 73' lang='lat' dir='ltr'><em>celebraverit,</em></span> <span class='ocrx_word' id='word_1_7' title='bbox 1077 396 1345 500; x_wconf 74' lang='lat' dir='ltr'><em>quamprimtlm</em></span> 
     </span>
     <span class='ocr_line' id='line_1_3' title="bbox 245 496 1334 599; baseline 0.001 -27"><span class='ocrx_word' id='word_1_8' title='bbox 245 500 462 596; x_wconf 75' lang='lat' dir='ltr'><em>confiteatur.</em></span> <span class='ocrx_word' id='word_1_9' title='bbox 483 499 662 572; x_wconf 85' lang='lat' dir='ltr'><em>Damnata</em></span> <span class='ocrx_word' id='word_1_10' title='bbox 681 510 804 572; x_wconf 78' lang='lat' dir='ltr'><em>autem</em></span> <span class='ocrx_word' id='word_1_11' title='bbox 832 498 901 572; x_wconf 84' lang='lat' dir='ltr'><em>fuit</em></span> <span class='ocrx_word' id='word_1_12' title='bbox 923 496 971 569; x_wconf 89' lang='lat' dir='ltr'><em>ab</em></span> <span class='ocrx_word' id='word_1_13' title='bbox 994 496 1098 572; x_wconf 78' lang='lat' dir='ltr'><em>Alex.</em></span> <span class='ocrx_word' id='word_1_14' title='bbox 1123 498 1203 572; x_wconf 86' lang='lat' dir='ltr'><strong>VII.</strong></span> <span class='ocrx_word' id='word_1_15' title='bbox 1222 524 1334 599; x_wconf 84' lang='lat' dir='ltr'><em>prop.</em></span> 
     </span>
     <span class='ocr_line' id='line_1_4' title="bbox 247 588 1336 696; baseline -0.004 -24"><span class='ocrx_word' id='word_1_16' title='bbox 247 588 307 672; x_wconf 78' lang='grc'><em>38.</em></span> <span class='ocrx_word' id='word_1_17' title='bbox 324 622 406 696; x_wconf 88' lang='lat' dir='ltr'><em>quae</em></span> <span class='ocrx_word' id='word_1_18' title='bbox 420 595 590 679; x_wconf 85' lang='lat' dir='ltr'><em>dicebat:</em></span> <span class='ocrx_word' id='word_1_19' title='bbox 609 596 821 682; x_wconf 76' lang='lat' dir='ltr'><em>Mandatum</em></span> <span class='ocrx_word' id='word_1_20' title='bbox 840 595 875 667; x_wconf 89' lang='lat' dir='ltr'><em>T</em></span> <span class='ocrx_word' id='word_1_21' title='bbox 870 593 1039 668; x_wconf 74' lang='lat' dir='ltr'><em>niz&#39;entirn&#39;</em></span> <span class='ocrx_word' id='word_1_22' title='bbox 1045 593 1188 690; x_wconf 84' lang='lat' dir='ltr'><em>sactum</em></span> <span class='ocrx_word' id='word_1_23' title='bbox 1211 622 1336 671; x_wconf 82' lang='lat' dir='ltr'><em>sacer·</em></span> 
     </span>
     <span class='ocr_line' id='line_1_5' title="bbox 245 692 1336 789; baseline -0.002 -21"><span class='ocrx_word' id='word_1_24' title='bbox 245 695 324 768; x_wconf 84' lang='lat' dir='ltr'><em>doti</em></span> <span class='ocrx_word' id='word_1_25' title='bbox 331 695 550 786; x_wconf 64' lang='lat' dir='ltr'><em>sacrificanti</em></span> <span class='ocrx_word' id='word_1_26' title='bbox 559 722 609 767; x_wconf 81' lang='lat' dir='ltr'><em>ex</em></span> <span class='ocrx_word' id='word_1_27' title='bbox 622 692 834 767; x_wconf 78' lang='lat' dir='ltr'><em>necessitate</em></span> <span class='ocrx_word' id='word_1_28' title='bbox 846 719 926 769; x_wconf 85' lang='lat' dir='ltr'><em>curn</em></span> <span class='ocrx_word' id='word_1_29' title='bbox 935 709 1083 789; x_wconf 82' lang='lat' dir='ltr'><em>peccato</em></span> <span class='ocrx_word' id='word_1_30' title='bbox 1097 693 1238 767; x_wconf 82' lang='lat' dir='ltr'><em>mortali</em></span> <span class='ocrx_word' id='word_1_31' title='bbox 1245 714 1336 767; x_wconf 86' lang='lat' dir='ltr'><em>con·</em></span> 
     </span>
     <span class='ocr_line' id='line_1_6' title="bbox 246 791 1275 892; baseline -0.005 -23"><span class='ocrx_word' id='word_1_32' title='bbox 246 791 374 869; x_wconf 73' lang='lat' dir='ltr'><em>tondi</em></span> <span class='ocrx_word' id='word_1_33' title='bbox 385 791 662 892; x_wconf 78' lang='lat' dir='ltr'><em>quamprimum,</em></span> <span class='ocrx_word' id='word_1_34' title='bbox 681 807 736 863; x_wconf 87' lang='lat' dir='ltr'><em>est</em></span> <span class='ocrx_word' id='word_1_35' title='bbox 752 792 952 882; x_wconf 71' lang='lat' dir='ltr'><em>coactitiam,</em></span> <span class='ocrx_word' id='word_1_36' title='bbox 972 817 1044 866; x_wconf 87' lang='lat' dir='ltr'><em>non</em></span> <span class='ocrx_word' id='word_1_37' title='bbox 1098 810 1275 889; x_wconf 76' lang='lat' dir='ltr'><em>ereptum.</em></span> 
     </span>
     <span class='ocr_line' id='line_1_7' title="bbox 295 818 1338 989; baseline 0.001 -26"><span class='ocrx_word' id='word_1_38' title='bbox 295 891 443 963; x_wconf 88' lang='lat' dir='ltr'><em>Positoi</em></span> <span class='ocrx_word' id='word_1_39' title='bbox 468 889 542 966; x_wconf 80' lang='lat' dir='ltr'><em>itur</em></span> <span class='ocrx_word' id='word_1_40' title='bbox 555 889 628 963; x_wconf 91' lang='lat' dir='ltr'><em>hoc</em></span> <span class='ocrx_word' id='word_1_41' title='bbox 647 905 830 989; x_wconf 84' lang='lat' dir='ltr'><em>praecepto</em></span> <span class='ocrx_word' id='word_1_42' title='bbox 848 888 1019 981; x_wconf 83' lang='lat' dir='ltr'><em>Concilii,</em></span> <span class='ocrx_word' id='word_1_43' title='bbox 1035 818 1338 988; x_wconf 46' lang='lat' dir='ltr'><em>diiiuturmuo</em></span> 
     </span>
    </p>
   </div>
   <div class='ocr_carea' id='block_1_3' title="bbox 246 917 1336 1161">
    <p class='ocr_par' dir='ltr' id='par_1_3' title="bbox 246 917 1336 1161">
     <span class='ocr_line' id='line_1_8' title="bbox 246 917 1336 1161; baseline 0 -99"><span class='ocrx_word' id='word_1_44' title='bbox 246 987 360 1062; x_wconf 85' lang='lat' dir='ltr'><em>modd</em></span> <span class='ocrx_word' id='word_1_45' title='bbox 375 917 471 1062; x_wconf 72' lang='lat' dir='ltr'><em>itlui</em></span> <span class='ocrx_word' id='word_1_46' title='bbox 487 989 739 1089; x_wconf 81' lang='lat' dir='ltr'><em>qaamprtindm</em></span> <span class='ocrx_word' id='word_1_47' title='bbox 756 987 1043 1161; x_wconf 56' lang='lat' dir='ltr'><em>intelliplendum</em></span> <span class='ocrx_word' id='word_1_48' title='bbox 1061 989 1108 1063; x_wconf 88' lang='lat' dir='ltr'><em>sit</em></span> <span class='ocrx_word' id='word_1_49' title='bbox 1128 990 1336 1063; x_wconf 80' lang='lat' dir='ltr'><em>iDamnata</em></span> 
     </span>
    </p>
   </div>
   <div class='ocr_carea' id='block_1_4' title="bbox 135 1084 1338 4239">
    <p class='ocr_par' dir='ltr' id='par_1_4' title="bbox 135 1084 1338 4239">
     <span class='ocr_line' id='line_1_9' title="bbox 249 1084 1337 1208; baseline 0 -50"><span class='ocrx_word' id='word_1_50' title='bbox 249 1086 400 1185; x_wconf 90' lang='lat' dir='ltr'><em>quidem</em></span> <span class='ocrx_word' id='word_1_51' title='bbox 418 1087 486 1159; x_wconf 84' lang='lat' dir='ltr'><em>suit.</em></span> <span class='ocrx_word' id='word_1_52' title='bbox 503 1087 550 1161; x_wconf 92' lang='lat' dir='ltr'><em>ab</em></span> <span class='ocrx_word' id='word_1_53' title='bbox 569 1085 703 1162; x_wconf 89' lang='lat' dir='ltr'><em>eodem</em></span> <span class='ocrx_word' id='word_1_54' title='bbox 717 1086 820 1161; x_wconf 14' lang='lat' dir='ltr'><em>Alexi</em></span> <span class='ocrx_word' id='word_1_55' title='bbox 838 1087 874 1159; x_wconf 84' lang='lat' dir='ltr'>V</span> <span class='ocrx_word' id='word_1_56' title='bbox 914 1144 921 1160; x_wconf 92' lang='lat'><strong>.</strong></span> <span class='ocrx_word' id='word_1_57' title='bbox 944 1114 1050 1208; x_wconf 78' lang='lat' dir='ltr'><em>prop⁴</em></span> <span class='ocrx_word' id='word_1_58' title='bbox 1066 1087 1124 1185; x_wconf 88' lang='grc'><em>39.</em></span> <span class='ocrx_word' id='word_1_59' title='bbox 1145 1085 1210 1159; x_wconf 87' lang='lat' dir='ltr'><em>ubi</em></span> <span class='ocrx_word' id='word_1_60' title='bbox 1231 1084 1337 1159; x_wconf 91' lang='lat' dir='ltr'><em>dice-</em></span> 
     </span>
     <span class='ocr_line' id='line_1_10' title="bbox 246 1183 1336 1288; baseline -0.002 -30"><span class='ocrx_word' id='word_1_61' title='bbox 246 1183 355 1260; x_wconf 81' lang='lat' dir='ltr'><strong>batur</strong></span> <span class='ocrx_word' id='word_1_62' title='bbox 384 1212 394 1271; x_wconf 87' lang='lat'>;</span> <span class='ocrx_word' id='word_1_63' title='bbox 434 1185 502 1258; x_wconf 85' lang='lat' dir='ltr'><em>Ille</em></span> <span class='ocrx_word' id='word_1_64' title='bbox 524 1183 696 1283; x_wconf 78' lang='lat' dir='ltr'><em>pettt&#39;cule</em></span> <span class='ocrx_word' id='word_1_65' title='bbox 728 1187 1006 1288; x_wconf 81' lang='lat' dir='ltr'><strong>quamprimum</strong></span> <span class='ocrx_word' id='word_1_66' title='bbox 1033 1183 1230 1283; x_wconf 78' lang='lat' dir='ltr'><em>intelligitur</em></span> <span class='ocrx_word' id='word_1_67' title='bbox 1254 1210 1336 1257; x_wconf 86' lang='lat' dir='ltr'><em>cum</em></span> 
     </span>
     <span class='ocr_line' id='line_1_11' title="bbox 244 1280 1331 1378; baseline 0 -22"><span class='ocrx_word' id='word_1_68' title='bbox 244 1284 410 1366; x_wconf 75' lang='lat' dir='ltr'><em>sacerdos</em></span> <span class='ocrx_word' id='word_1_69' title='bbox 423 1308 487 1356; x_wconf 85' lang='lat' dir='ltr'><em>suo</em></span> <span class='ocrx_word' id='word_1_70' title='bbox 499 1299 732 1378; x_wconf 76' lang='lat' dir='ltr'><em>temporeeon</em></span> <span class='ocrx_word' id='word_1_71' title='bbox 760 1281 892 1357; x_wconf 85' lang='lat' dir='ltr'><em>tebitur.</em></span> <span class='ocrx_word' id='word_1_72' title='bbox 909 1281 982 1357; x_wconf 83' lang='lat' dir='ltr'><strong>Alii</strong></span> <span class='ocrx_word' id='word_1_73' title='bbox 995 1280 1080 1356; x_wconf 81' lang='lat' dir='ltr'><em>rard</em></span> <span class='ocrx_word' id='word_1_74' title='bbox 1091 1321 1104 1373; x_wconf 35' lang='lat'><em>¹,</em></span> <span class='ocrx_word' id='word_1_75' title='bbox 1123 1281 1164 1356; x_wconf 79' lang='lat' dir='ltr'><em>itt</em></span> <span class='ocrx_word' id='word_1_76' title='bbox 1180 1280 1331 1377; x_wconf 69' lang='lat' dir='ltr'><em>Moffies.</em></span> 
     </span>
     <span class='ocr_line' id='line_1_12' title="bbox 245 1378 1337 1481; baseline 0 -29"><span class='ocrx_word' id='word_1_77' title='bbox 245 1397 312 1454; x_wconf 85' lang='lat' dir='ltr'><em>ete.</em></span> <span class='ocrx_word' id='word_1_78' title='bbox 330 1383 430 1474; x_wconf 82' lang='lat' dir='ltr'><em>opud</em></span> <span class='ocrx_word' id='word_1_79' title='bbox 444 1381 555 1454; x_wconf 72' lang='lat' dir='ltr'><em>Dian</em></span> <span class='ocrx_word' id='word_1_80' title='bbox 568 1409 610 1476; x_wconf 77' lang='lat' dir='ltr'><em>p.</em></span> <span class='ocrx_word' id='word_1_81' title='bbox 630 1397 711 1481; x_wconf 91' lang='lat' dir='ltr'><em>9tr.</em></span> <span class='ocrx_word' id='word_1_82' title='bbox 780 1382 857 1454; x_wconf 80' lang='lat' dir='ltr'><em>lies</em></span> <span class='ocrx_word' id='word_1_83' title='bbox 878 1378 935 1474; x_wconf 72' lang='lat' dir='ltr'><em>al.</em></span> <span class='ocrx_word' id='word_1_84' title='bbox 958 1381 1132 1455; x_wconf 83' lang='lat' dir='ltr'><em>dicebant</em></span> <span class='ocrx_word' id='word_1_85' title='bbox 1150 1379 1337 1479; x_wconf 74' lang='lat' dir='ltr'><em>intelligi,</em></span> 
     </span>
     <span class='ocr_line' id='line_1_13' title="bbox 246 1477 1336 1580; baseline -0.002 -27"><span class='ocrx_word' id='word_1_86' title='bbox 246 1506 335 1574; x_wconf 87' lang='lat' dir='ltr'><em>eum</em></span> <span class='ocrx_word' id='word_1_87' title='bbox 361 1478 524 1580; x_wconf 67' lang='lat' dir='ltr'><em>primum</em></span> <span class='ocrx_word' id='word_1_88' title='bbox 548 1478 632 1553; x_wconf 86' lang='lat' dir='ltr'><em>talis</em></span> <span class='ocrx_word' id='word_1_89' title='bbox 660 1478 837 1553; x_wconf 76' lang='lat' dir='ltr'><em>Sacerdos</em></span> <span class='ocrx_word' id='word_1_90' title='bbox 867 1478 1132 1554; x_wconf 84' lang='lat' dir='ltr'><em>celebraverit:</em></span> <span class='ocrx_word' id='word_1_91' title='bbox 1159 1477 1231 1552; x_wconf 88' lang='lat' dir='ltr'><em>Sed</em></span> <span class='ocrx_word' id='word_1_92' title='bbox 1252 1477 1336 1552; x_wconf 69' lang='lat' dir='ltr'><em>haec</em></span> 
     </span>
     <span class='ocr_line' id='line_1_14' title="bbox 245 1566 1333 1677; baseline -0.001 -26"><span class='ocrx_word' id='word_1_93' title='bbox 245 1577 376 1677; x_wconf 86' lang='lat' dir='ltr'><em>opinio</em></span> <span class='ocrx_word' id='word_1_94' title='bbox 390 1593 444 1652; x_wconf 84' lang='lat' dir='ltr'><em>est</em></span> <span class='ocrx_word' id='word_1_95' title='bbox 461 1573 612 1652; x_wconf 77' lang='lat' dir='ltr'><em>omnini)</em></span> <span class='ocrx_word' id='word_1_96' title='bbox 626 1577 678 1650; x_wconf 89' lang='lat' dir='ltr'><em>im</em></span> <span class='ocrx_word' id='word_1_97' title='bbox 706 1574 901 1667; x_wconf 82' lang='lat' dir='ltr'><em>robabilis,</em></span> <span class='ocrx_word' id='word_1_98' title='bbox 914 1593 956 1652; x_wconf 90' lang='lat' dir='ltr'><em>ut</em></span> <span class='ocrx_word' id='word_1_99' title='bbox 968 1566 1062 1651; x_wconf 67' lang='lat' dir='ltr'><em>btna</em></span> <span class='ocrx_word' id='word_1_100' title='bbox 1078 1581 1185 1677; x_wconf 73' lang='lat' dir='ltr'><em>aiunt</em></span> <span class='ocrx_word' id='word_1_101' title='bbox 1200 1572 1333 1654; x_wconf 83' lang='lat' dir='ltr'><em>Escob.</em></span> 
     </span>
     <span class='ocr_line' id='line_1_15' title="bbox 245 1604 1334 1775; baseline 0 -27"><span class='ocrx_word' id='word_1_102' title='bbox 245 1677 292 1748; x_wconf 83' lang='lat' dir='ltr'><em>de</em></span> <span class='ocrx_word' id='word_1_103' title='bbox 307 1674 425 1750; x_wconf 74' lang='lat' dir='ltr'><em>Erech.</em></span> <span class='ocrx_word' id='word_1_104' title='bbox 442 1703 475 1750; x_wconf 89' lang='lat' dir='ltr'><em>n.</em></span> <span class='ocrx_word' id='word_1_105' title='bbox 493 1678 578 1750; x_wconf 73' lang='lat'><em>312.</em></span> <span class='ocrx_word' id='word_1_106' title='bbox 599 1604 720 1751; x_wconf 63' lang='lat' dir='ltr'><em>Croti.</em></span> <span class='ocrx_word' id='word_1_107' title='bbox 738 1678 763 1748; x_wconf 87' lang='lat' dir='ltr'><em>l.</em></span> <span class='ocrx_word' id='word_1_108' title='bbox 780 1672 805 1751; x_wconf 89' lang='lat'>6</span> <span class='ocrx_word' id='word_1_109' title='bbox 814 1705 852 1775; x_wconf 81' lang='lat' dir='ltr'><em>p.</em></span> <span class='ocrx_word' id='word_1_110' title='bbox 878 1704 889 1750; x_wconf 84' lang='lat' dir='ltr'><em>r</em></span> <span class='ocrx_word' id='word_1_111' title='bbox 911 1704 947 1748; x_wconf 88' lang='lat' dir='ltr'><em>n.</em></span> <span class='ocrx_word' id='word_1_112' title='bbox 970 1678 991 1750; x_wconf 91' lang='lat'><strong>5</strong></span> <span class='ocrx_word' id='word_1_113' title='bbox 1019 1677 1053 1749; x_wconf 83' lang='lat'><em>5.</em></span> <span class='ocrx_word' id='word_1_114' title='bbox 1069 1691 1106 1749; x_wconf 84' lang='lat' dir='ltr'><em>et</em></span> <span class='ocrx_word' id='word_1_115' title='bbox 1120 1677 1239 1747; x_wconf 64' lang='lat' dir='ltr'><em>Druna</em></span> <span class='ocrx_word' id='word_1_116' title='bbox 1256 1675 1279 1750; x_wconf 91' lang='lat' dir='ltr'><em>l.</em></span> <span class='ocrx_word' id='word_1_117' title='bbox 1298 1701 1334 1748; x_wconf 88' lang='lat' dir='ltr'><em>c.</em></span> 
     </span>
     <span class='ocr_line' id='line_1_16' title="bbox 246 1771 1337 1874; baseline 0.003 -29"><span class='ocrx_word' id='word_1_118' title='bbox 246 1775 333 1874; x_wconf 86' lang='lat' dir='ltr'><em>quia</em></span> <span class='ocrx_word' id='word_1_119' title='bbox 359 1790 447 1848; x_wconf 90' lang='lat' dir='ltr'><em>tunc</em></span> <span class='ocrx_word' id='word_1_120' title='bbox 465 1775 548 1871; x_wconf 45' lang='lat' dir='ltr'><em>ipse*</em></span> <span class='ocrx_word' id='word_1_121' title='bbox 573 1774 714 1847; x_wconf 88' lang='lat' dir='ltr'><em>ratione</em></span> <span class='ocrx_word' id='word_1_122' title='bbox 736 1774 852 1871; x_wconf 88' lang='lat' dir='ltr'><em>ipsius</em></span> <span class='ocrx_word' id='word_1_123' title='bbox 872 1771 1127 1849; x_wconf 71' lang='lat' dir='ltr'><em>celebrationis</em></span> <span class='ocrx_word' id='word_1_124' title='bbox 1144 1785 1337 1850; x_wconf 84' lang='lat' dir='ltr'><em>teneretur</em></span> 
     </span>
     <span class='ocr_line' id='line_1_17' title="bbox 245 1870 1338 1973; baseline -0.002 -27"><span class='ocrx_word' id='word_1_125' title='bbox 245 1872 293 1946; x_wconf 83' lang='lat' dir='ltr'><em>ad</em></span> <span class='ocrx_word' id='word_1_126' title='bbox 313 1871 587 1947; x_wconf 76' lang='lat' dir='ltr'><em>consessionem</em></span> <span class='ocrx_word' id='word_1_127' title='bbox 602 1929 611 1961; x_wconf 86' lang='lat'>‚</span> <span class='ocrx_word' id='word_1_128' title='bbox 628 1872 694 1944; x_wconf 88' lang='lat' dir='ltr'><em>sed</em></span> <span class='ocrx_word' id='word_1_129' title='bbox 706 1870 988 1959; x_wconf 73' lang='lat' dir='ltr'><em>Tridentium,</em></span> <span class='ocrx_word' id='word_1_130' title='bbox 1005 1873 1158 1973; x_wconf 74' lang='lat' dir='ltr'><em>praecisa</em></span> <span class='ocrx_word' id='word_1_131' title='bbox 1172 1870 1338 1960; x_wconf 82' lang='lat' dir='ltr'><em>celebra·</em></span> 
     </span>
     <span class='ocr_line' id='line_1_18' title="bbox 243 1970 1335 2073; baseline 0.005 -31"><span class='ocrx_word' id='word_1_132' title='bbox 243 1971 373 2058; x_wconf 74' lang='lat' dir='ltr'><em>tione,</em></span> <span class='ocrx_word' id='word_1_133' title='bbox 393 1988 618 2073; x_wconf 80' lang='lat' dir='ltr'><em>praeceptum</em></span> <span class='ocrx_word' id='word_1_134' title='bbox 644 1970 846 2044; x_wconf 77' lang='lat' dir='ltr'><em>confitendi</em></span> <span class='ocrx_word' id='word_1_135' title='bbox 866 1971 1143 2072; x_wconf 74' lang='lat' dir='ltr'><em>quamprimum</em></span> <span class='ocrx_word' id='word_1_136' title='bbox 1159 1972 1335 2073; x_wconf 86' lang='lat' dir='ltr'><em>imponit.</em></span> 
     </span>
     <span class='ocr_line' id='line_1_19' title="bbox 244 2067 1337 2166; baseline 0.003 -25"><span class='ocrx_word' id='word_1_137' title='bbox 244 2067 454 2146; x_wconf 77' lang='lat' dir='ltr'><em>Attiautem</em></span> <span class='ocrx_word' id='word_1_138' title='bbox 467 2068 677 2143; x_wconf 67' lang='lat' dir='ltr'><em>econverso</em></span> <span class='ocrx_word' id='word_1_139' title='bbox 694 2067 1010 2166; x_wconf 85' lang='lat' dir='ltr'><em>censentintelligi</em></span> <span class='ocrx_word' id='word_1_140' title='bbox 1025 2070 1151 2145; x_wconf 85' lang='lat' dir='ltr'><em>statim</em></span> <span class='ocrx_word' id='word_1_141' title='bbox 1162 2096 1204 2145; x_wconf 89' lang='lat' dir='ltr'><em>ac</em></span> <span class='ocrx_word' id='word_1_142' title='bbox 1218 2084 1337 2145; x_wconf 79' lang='lat' dir='ltr'><em>cesset</em></span> 
     </span>
     <span class='ocr_line' id='line_1_20' title="bbox 246 2163 1337 2267; baseline 0.004 -27"><span class='ocrx_word' id='word_1_143' title='bbox 246 2170 461 2258; x_wconf 83' lang='lat' dir='ltr'><em>necessitas,</em></span> <span class='ocrx_word' id='word_1_144' title='bbox 480 2185 516 2239; x_wconf 87' lang='lat' dir='ltr'><em>et</em></span> <span class='ocrx_word' id='word_1_145' title='bbox 529 2163 706 2243; x_wconf 85' lang='lat' dir='ltr'><em>Sacerdos</em></span> <span class='ocrx_word' id='word_1_146' title='bbox 725 2168 922 2244; x_wconf 72' lang='lat' dir='ltr'><em>commode</em></span> <span class='ocrx_word' id='word_1_147' title='bbox 941 2169 1053 2267; x_wconf 87' lang='lat' dir='ltr'><em>possit</em></span> <span class='ocrx_word' id='word_1_148' title='bbox 1072 2167 1117 2240; x_wconf 85' lang='lat' dir='ltr'><em>ad</em></span> <span class='ocrx_word' id='word_1_149' title='bbox 1137 2168 1337 2244; x_wconf 79' lang='lat' dir='ltr'><em>Confessa-</em></span> 
     </span>
     <span class='ocr_line' id='line_1_21' title="bbox 244 2264 1335 2366; baseline 0.002 -28"><span class='ocrx_word' id='word_1_150' title='bbox 244 2265 345 2338; x_wconf 88' lang='lat' dir='ltr'><em>rium</em></span> <span class='ocrx_word' id='word_1_151' title='bbox 377 2265 584 2352; x_wconf 87' lang='lat' dir='ltr'><em>accedere,</em></span> <span class='ocrx_word' id='word_1_152' title='bbox 612 2264 736 2342; x_wconf 73' lang='lat' dir='ltr'><em>adhuc</em></span> <span class='ocrx_word' id='word_1_153' title='bbox 768 2268 848 2366; x_wconf 89' lang='lat' dir='ltr'><em>ipsa</em></span> <span class='ocrx_word' id='word_1_154' title='bbox 887 2266 946 2340; x_wconf 90' lang='lat' dir='ltr'><em>die</em></span> <span class='ocrx_word' id='word_1_155' title='bbox 977 2265 1259 2358; x_wconf 80' lang='lat' dir='ltr'><em>celebrationis3</em></span> <span class='ocrx_word' id='word_1_156' title='bbox 1281 2267 1335 2342; x_wconf 77' lang='lat' dir='ltr'><em>ita</em></span> 
     </span>
     <span class='ocr_line' id='line_1_22' title="bbox 241 2362 1338 2465; baseline -0.002 -27"><span class='ocrx_word' id='word_1_157' title='bbox 241 2364 419 2462; x_wconf 57' lang='lat' dir='ltr'><em>‚Wgandt</em></span> <span class='ocrx_word' id='word_1_158' title='bbox 429 2381 472 2438; x_wconf 91' lang='lat' dir='ltr'><em>tr.</em></span> <span class='ocrx_word' id='word_1_159' title='bbox 493 2390 529 2439; x_wconf 83' lang='lat' dir='ltr'><em>tt</em></span> <span class='ocrx_word' id='word_1_160' title='bbox 547 2392 584 2439; x_wconf 90' lang='lat' dir='ltr'><em>n.</em></span> <span class='ocrx_word' id='word_1_161' title='bbox 598 2363 657 2465; x_wconf 84' lang='grc'><em>39.</em></span> <span class='ocrx_word' id='word_1_162' title='bbox 674 2367 785 2440; x_wconf 81' lang='lat' dir='ltr'><em>Cone.</em></span> <span class='ocrx_word' id='word_1_163' title='bbox 800 2391 835 2455; x_wconf 82' lang='lat' dir='ltr'><em>p.</em></span> <span class='ocrx_word' id='word_1_164' title='bbox 850 2364 971 2459; x_wconf 72' lang='lat'><strong><em>34812.</em></strong></span> <span class='ocrx_word' id='word_1_165' title='bbox 988 2364 1047 2439; x_wconf 89' lang='grc'><em>33.</em></span> <span class='ocrx_word' id='word_1_166' title='bbox 1065 2379 1101 2437; x_wconf 88' lang='lat' dir='ltr'><em>et</em></span> <span class='ocrx_word' id='word_1_167' title='bbox 1111 2362 1259 2438; x_wconf 80' lang='lat' dir='ltr'><em>Soneties</em></span> <span class='ocrx_word' id='word_1_168' title='bbox 1271 2391 1338 2460; x_wconf 82' lang='lat' dir='ltr'><em>ap.</em></span> 
     </span>
     <span class='ocr_line' id='line_1_23' title="bbox 150 2460 1337 2563; baseline 0.006 -32"><span class='ocrx_word' id='word_1_169' title='bbox 150 2513 154 2519; x_wconf 79' lang='lat'><em>·</em></span> <span class='ocrx_word' id='word_1_170' title='bbox 243 2460 353 2535; x_wconf 66' lang='lat' dir='ltr'><em>Dran.</em></span> <span class='ocrx_word' id='word_1_171' title='bbox 369 2461 395 2535; x_wconf 88' lang='lat' dir='ltr'><em>l.</em></span> <span class='ocrx_word' id='word_1_172' title='bbox 411 2489 442 2538; x_wconf 90' lang='lat' dir='ltr'><em>c.</em></span> <span class='ocrx_word' id='word_1_173' title='bbox 458 2460 628 2563; x_wconf 82' lang='lat' dir='ltr'><em>hancque</em></span> <span class='ocrx_word' id='word_1_174' title='bbox 642 2462 859 2563; x_wconf 86' lang='lat' dir='ltr'><em>opinionem</em></span> <span class='ocrx_word' id='word_1_175' title='bbox 876 2461 931 2537; x_wconf 78' lang='lat' dir='ltr'><em>isti</em></span> <span class='ocrx_word' id='word_1_176' title='bbox 948 2464 1122 2537; x_wconf 85' lang='lat' dir='ltr'><em>tutiorem</em></span> <span class='ocrx_word' id='word_1_177' title='bbox 1139 2489 1196 2534; x_wconf 88' lang='lat' dir='ltr'><em>am</em></span> <span class='ocrx_word' id='word_1_178' title='bbox 1226 2460 1337 2537; x_wconf 87' lang='lat' dir='ltr'><em>lecti·</em></span> 
     </span>
     <span class='ocr_line' id='line_1_24' title="bbox 243 2559 1335 2661; baseline 0.001 -29"><span class='ocrx_word' id='word_1_179' title='bbox 243 2573 308 2633; x_wconf 85' lang='lat' dir='ltr'><em>tur</em></span> <span class='ocrx_word' id='word_1_180' title='bbox 327 2563 432 2636; x_wconf 85' lang='lat' dir='ltr'><em>Cont.</em></span> <span class='ocrx_word' id='word_1_181' title='bbox 453 2560 582 2635; x_wconf 83' lang='lat' dir='ltr'><em>Toum.</em></span> <span class='ocrx_word' id='word_1_182' title='bbox 600 2577 623 2633; x_wconf 90' lang='lat' dir='ltr'><em>t.</em></span> <span class='ocrx_word' id='word_1_183' title='bbox 635 2561 658 2636; x_wconf 88' lang='lat'>5</span> <span class='ocrx_word' id='word_1_184' title='bbox 662 2591 704 2661; x_wconf 78' lang='lat' dir='ltr'><em>p.</em></span> <span class='ocrx_word' id='word_1_185' title='bbox 716 2563 788 2637; x_wconf 87' lang='lat'><em>508</em></span> <span class='ocrx_word' id='word_1_186' title='bbox 800 2589 834 2661; x_wconf 80' lang='lat' dir='ltr'><em>q.</em></span> <span class='ocrx_word' id='word_1_187' title='bbox 848 2560 883 2635; x_wconf 90' lang='lat'><em>5.</em></span> <span class='ocrx_word' id='word_1_188' title='bbox 896 2560 1111 2646; x_wconf 13' lang='lat' dir='ltr'><em>Sedvmeliiis</em></span> <span class='ocrx_word' id='word_1_189' title='bbox 1123 2559 1171 2634; x_wconf 92' lang='lat' dir='ltr'><em>P.</em></span> <span class='ocrx_word' id='word_1_190' title='bbox 1225 2559 1335 2633; x_wconf 82' lang='lat' dir='ltr'><em>ilente</em></span> 
     </span>
     <span class='ocr_line' id='line_1_25' title="bbox 244 2657 1334 2760; baseline 0 -27"><span class='ocrx_word' id='word_1_191' title='bbox 244 2685 331 2733; x_wconf 85' lang='lat' dir='ltr'><em>cum</em></span> <span class='ocrx_word' id='word_1_192' title='bbox 349 2662 540 2735; x_wconf 88' lang='lat' dir='ltr'><em>communi</em></span> <span class='ocrx_word' id='word_1_193' title='bbox 557 2661 636 2735; x_wconf 81' lang='lat' dir='ltr'><em>Du.</em></span> <span class='ocrx_word' id='word_1_194' title='bbox 656 2674 696 2735; x_wconf 92' lang='lat' dir='ltr'><em>ut</em></span> <span class='ocrx_word' id='word_1_195' title='bbox 708 2659 812 2742; x_wconf 80' lang='lat' dir='ltr'><em>sitin</em></span> <span class='ocrx_word' id='word_1_196' title='bbox 829 2658 911 2734; x_wconf 86' lang='lat' dir='ltr'><em>dict.</em></span> <span class='ocrx_word' id='word_1_197' title='bbox 951 2685 1025 2751; x_wconf 81' lang='lat' dir='ltr'><em>top.</em></span> <span class='ocrx_word' id='word_1_198' title='bbox 1042 2659 1102 2760; x_wconf 89' lang='lat'><em>39.</em></span> <span class='ocrx_word' id='word_1_199' title='bbox 1117 2660 1217 2759; x_wconf 75' lang='lat' dir='ltr'><em>Lnga</em></span> <span class='ocrx_word' id='word_1_200' title='bbox 1230 2657 1267 2731; x_wconf 69' lang='grc' dir='ltr'><em>Δ.</em></span> <span class='ocrx_word' id='word_1_201' title='bbox 1290 2661 1334 2755; x_wconf 68' lang='lat' dir='ltr'><em>sl</em></span> 
     </span>
     <span class='ocr_line' id='line_1_26' title="bbox 242 2687 1335 2845; baseline 0 -16"><span class='ocrx_word' id='word_1_202' title='bbox 242 2782 280 2830; x_wconf 88' lang='lat' dir='ltr'><em>n.</em></span> <span class='ocrx_word' id='word_1_203' title='bbox 308 2755 384 2833; x_wconf 73' lang='lat'><em>163.</em></span> <span class='ocrx_word' id='word_1_204' title='bbox 404 2759 512 2834; x_wconf 76' lang='lat' dir='ltr'><em>Dion</em></span> <span class='ocrx_word' id='word_1_205' title='bbox 534 2760 558 2834; x_wconf 88' lang='lat' dir='ltr'><em>l.</em></span> <span class='ocrx_word' id='word_1_206' title='bbox 578 2786 612 2831; x_wconf 84' lang='lat' dir='ltr'><em>c.</em></span> <span class='ocrx_word' id='word_1_207' title='bbox 633 2779 710 2831; x_wconf 85' lang='lat' dir='ltr'><em>cnm</em></span> <span class='ocrx_word' id='word_1_208' title='bbox 730 2758 879 2844; x_wconf 74' lang='lat' dir='ltr'><em>Gracia,</em></span> <span class='ocrx_word' id='word_1_209' title='bbox 902 2687 1073 2832; x_wconf 61' lang='lat' dir='ltr'><em>cintnch.</em></span> <span class='ocrx_word' id='word_1_210' title='bbox 1094 2774 1131 2831; x_wconf 89' lang='lat' dir='ltr'><em>et</em></span> <span class='ocrx_word' id='word_1_211' title='bbox 1148 2757 1335 2845; x_wconf 72' lang='lat' dir='ltr'><em>Condito,</em></span> 
     </span>
     <span class='ocr_line' id='line_1_27' title="bbox 242 2854 1333 2972; baseline 0.003 -45"><span class='ocrx_word' id='word_1_212' title='bbox 242 2855 463 2930; x_wconf 65' lang='lat' dir='ltr'><em>Escobetn.</em></span> <span class='ocrx_word' id='word_1_213' title='bbox 478 2883 514 2930; x_wconf 87' lang='lat' dir='ltr'><em>n.</em></span> <span class='ocrx_word' id='word_1_214' title='bbox 533 2858 617 2931; x_wconf 76' lang='lat'><em>312.</em></span> <span class='ocrx_word' id='word_1_215' title='bbox 630 2883 708 2930; x_wconf 88' lang='lat' dir='ltr'><em>cum</em></span> <span class='ocrx_word' id='word_1_216' title='bbox 725 2857 872 2943; x_wconf 75' lang='lat' dir='ltr'><em>Zerola,</em></span> <span class='ocrx_word' id='word_1_217' title='bbox 886 2855 974 2929; x_wconf 79' lang='lat' dir='ltr'><em>Viro</em></span> <span class='ocrx_word' id='word_1_218' title='bbox 988 2855 1025 2928; x_wconf 89' lang='lat' dir='ltr'><em>in</em></span> <span class='ocrx_word' id='word_1_219' title='bbox 1039 2857 1118 2930; x_wconf 83' lang='lat' dir='ltr'><em>end.</em></span> <span class='ocrx_word' id='word_1_220' title='bbox 1128 2867 1232 2972; x_wconf 72' lang='lat' dir='ltr'><em>pron}</em></span> <span class='ocrx_word' id='word_1_221' title='bbox 1245 2881 1282 2930; x_wconf 87' lang='lat' dir='ltr'><em>n.</em></span> <span class='ocrx_word' id='word_1_222' title='bbox 1297 2854 1333 2930; x_wconf 82' lang='lat'><em>5.</em></span> 
     </span>
     <span class='ocr_line' id='line_1_28' title="bbox 242 2951 1334 3055; baseline 0.005 -32"><span class='ocrx_word' id='word_1_223' title='bbox 242 2979 321 3024; x_wconf 86' lang='lat' dir='ltr'><em>cum</em></span> <span class='ocrx_word' id='word_1_224' title='bbox 343 2954 450 3027; x_wconf 82' lang='lat' dir='ltr'><em>Trall.</em></span> <span class='ocrx_word' id='word_1_225' title='bbox 475 2955 695 3038; x_wconf 77' lang='lat' dir='ltr'><em>etBessoe0,</em></span> <span class='ocrx_word' id='word_1_226' title='bbox 714 2982 759 3027; x_wconf 83' lang='lat' dir='ltr'><em>ac</em></span> <span class='ocrx_word' id='word_1_227' title='bbox 775 2954 885 3027; x_wconf 72' lang='lat' dir='ltr'><em>Crocia</em></span> <span class='ocrx_word' id='word_1_228' title='bbox 903 2981 941 3029; x_wconf 86' lang='lat' dir='ltr'><em>n.</em></span> <span class='ocrx_word' id='word_1_229' title='bbox 964 2954 1050 3048; x_wconf 72' lang='grc'><strong>545.</strong></span> <span class='ocrx_word' id='word_1_230' title='bbox 1076 2981 1140 3055; x_wconf 81' lang='lat' dir='ltr'><em>qut</em></span> <span class='ocrx_word' id='word_1_231' title='bbox 1159 2952 1262 3027; x_wconf 79' lang='lat' dir='ltr'><em>affert</em></span> <span class='ocrx_word' id='word_1_232' title='bbox 1285 2951 1334 3028; x_wconf 86' lang='lat' dir='ltr'><em>de</em></span> 
     </span>
     <span class='ocr_line' id='line_1_29' title="bbox 242 3049 1333 3141; baseline 0.004 -18"><span class='ocrx_word' id='word_1_233' title='bbox 242 3049 315 3123; x_wconf 83' lang='lat' dir='ltr'><em>hoc</em></span> <span class='ocrx_word' id='word_1_234' title='bbox 331 3053 366 3124; x_wconf 86' lang='lat' dir='ltr'><em>S.</em></span> <span class='ocrx_word' id='word_1_235' title='bbox 379 3051 421 3125; x_wconf 86' lang='lat' dir='ltr'><em>C.</em></span> <span class='ocrx_word' id='word_1_236' title='bbox 436 3050 745 3137; x_wconf 68' lang='lat' dir='ltr'><em>maturationem,</em></span> <span class='ocrx_word' id='word_1_237' title='bbox 756 3051 889 3126; x_wconf 88' lang='lat' dir='ltr'><em>dieunt</em></span> <span class='ocrx_word' id='word_1_238' title='bbox 900 3052 1066 3127; x_wconf 86' lang='lat' dir='ltr'><em>sufficere</em></span> <span class='ocrx_word' id='word_1_239' title='bbox 1077 3107 1087 3141; x_wconf 87' lang='lat'>,</span> <span class='ocrx_word' id='word_1_240' title='bbox 1099 3067 1141 3126; x_wconf 89' lang='lat' dir='ltr'><em>ut</em></span> <span class='ocrx_word' id='word_1_241' title='bbox 1153 3051 1333 3127; x_wconf 84' lang='lat' dir='ltr'><em>Sacerdos</em></span> 
     </span>
     <span class='ocr_line' id='line_1_30' title="bbox 163 3149 1333 3251; baseline 0.001 -29"><span class='ocrx_word' id='word_1_242' title='bbox 163 3217 164 3222; x_wconf 75' lang='grc'>,</span> <span class='ocrx_word' id='word_1_243' title='bbox 242 3150 340 3222; x_wconf 72' lang='lat' dir='ltr'><em>intrd</em></span> <span class='ocrx_word' id='word_1_244' title='bbox 357 3149 524 3223; x_wconf 88' lang='lat' dir='ltr'><em>triduum</em></span> <span class='ocrx_word' id='word_1_245' title='bbox 539 3152 781 3224; x_wconf 85' lang='lat' dir='ltr'><em>confiteatur:</em></span> <span class='ocrx_word' id='word_1_246' title='bbox 800 3151 939 3224; x_wconf 81' lang='lat' dir='ltr'><em>Pariter</em></span> <span class='ocrx_word' id='word_1_247' title='bbox 954 3176 996 3227; x_wconf 85' lang='lat' dir='ltr'><em>ae</em></span> <span class='ocrx_word' id='word_1_248' title='bbox 1015 3152 1053 3223; x_wconf 90' lang='lat' dir='ltr'><em>in</em></span> <span class='ocrx_word' id='word_1_249' title='bbox 1071 3178 1105 3225; x_wconf 87' lang='lat' dir='ltr'><em>c.</em></span> <span class='ocrx_word' id='word_1_250' title='bbox 1125 3153 1200 3225; x_wconf 85' lang='lat' dir='ltr'><em>Eos</em></span> <span class='ocrx_word' id='word_1_251' title='bbox 1213 3151 1275 3251; x_wconf 77' lang='lat' dir='ltr'><em>qui</em></span> <span class='ocrx_word' id='word_1_252' title='bbox 1285 3152 1333 3223; x_wconf 79' lang='lat' dir='ltr'><em>de</em></span> 
     </span>
     <span class='ocr_line' id='line_1_31' title="bbox 162 3243 1331 3350; baseline 0.006 -33"><span class='ocrx_word' id='word_1_253' title='bbox 162 3317 164 3324; x_wconf 78' lang='grc'>,</span> <span class='ocrx_word' id='word_1_254' title='bbox 241 3243 399 3321; x_wconf 87' lang='lat' dir='ltr'><em>Sentent.</em></span> <span class='ocrx_word' id='word_1_255' title='bbox 410 3248 601 3320; x_wconf 79' lang='lat' dir='ltr'><em>Eaeornm.</em></span> <span class='ocrx_word' id='word_1_256' title='bbox 618 3248 652 3319; x_wconf 87' lang='lat' dir='ltr'><em>in</em></span> <span class='ocrx_word' id='word_1_257' title='bbox 661 3247 700 3321; x_wconf 89' lang='grc'><em>6.</em></span> <span class='ocrx_word' id='word_1_258' title='bbox 712 3249 937 3350; x_wconf 82' lang='lat' dir='ltr'><em>praecipitur,</em></span> <span class='ocrx_word' id='word_1_259' title='bbox 947 3266 990 3323; x_wconf 89' lang='lat' dir='ltr'><em>ut</em></span> <span class='ocrx_word' id='word_1_260' title='bbox 1002 3249 1107 3349; x_wconf 81' lang='lat' dir='ltr'><em>ii.qui</em></span> <span class='ocrx_word' id='word_1_261' title='bbox 1124 3251 1161 3322; x_wconf 89' lang='lat' dir='ltr'><em>in</em></span> <span class='ocrx_word' id='word_1_262' title='bbox 1172 3247 1331 3324; x_wconf 86' lang='lat' dir='ltr'><em>articulo</em></span> 
     </span>
     <span class='ocr_line' id='line_1_32' title="bbox 241 3343 1332 3437; baseline 0.003 -19"><span class='ocrx_word' id='word_1_263' title='bbox 241 3347 370 3418; x_wconf 84' lang='lat' dir='ltr'><em>mortis</em></span> <span class='ocrx_word' id='word_1_264' title='bbox 390 3343 634 3419; x_wconf 85' lang='lat' dir='ltr'><em>absolvuntur</em></span> <span class='ocrx_word' id='word_1_265' title='bbox 658 3345 704 3419; x_wconf 88' lang='lat' dir='ltr'><em>ab</em></span> <span class='ocrx_word' id='word_1_266' title='bbox 729 3348 1106 3423; x_wconf 82' lang='lat' dir='ltr'><em>excommunicatione</em></span> <span class='ocrx_word' id='word_1_267' title='bbox 1131 3363 1332 3437; x_wconf 82' lang='lat' dir='ltr'><em>reservata,</em></span> 
     </span>
     <span class='ocr_line' id='line_1_33' title="bbox 240 3446 1332 3548; baseline 0.004 -32"><span class='ocrx_word' id='word_1_268' title='bbox 240 3456 455 3529; x_wconf 83' lang='lat' dir='ltr'><em>teneantur,</em></span> <span class='ocrx_word' id='word_1_269' title='bbox 473 3471 557 3518; x_wconf 89' lang='lat' dir='ltr'><em>eum</em></span> <span class='ocrx_word' id='word_1_270' title='bbox 575 3446 830 3520; x_wconf 85' lang='lat' dir='ltr'><em>convaluerint</em></span> <span class='ocrx_word' id='word_1_271' title='bbox 846 3501 854 3532; x_wconf 85' lang='lat'>,</span> <span class='ocrx_word' id='word_1_272' title='bbox 870 3473 908 3520; x_wconf 89' lang='lat' dir='ltr'><em>se</em></span> <span class='ocrx_word' id='word_1_273' title='bbox 924 3463 1143 3547; x_wconf 70' lang='lat' dir='ltr'><em>presentare</em></span> <span class='ocrx_word' id='word_1_274' title='bbox 1160 3448 1332 3548; x_wconf 91' lang='lat' dir='ltr'><em>superio-</em></span> 
     </span>
     <span class='ocr_line' id='line_1_34' title="bbox 239 3541 1330 3640; baseline 0.008 -26"><span class='ocrx_word' id='word_1_275' title='bbox 239 3543 300 3626; x_wconf 82' lang='lat' dir='ltr'><em>ri,</em></span> <span class='ocrx_word' id='word_1_276' title='bbox 323 3544 427 3638; x_wconf 76' lang='lat' dir='ltr'><em>quim</em></span> <span class='ocrx_word' id='word_1_277' title='bbox 450 3541 518 3632; x_wconf 69' lang='lat' dir='ltr'><em>eald</em></span> <span class='ocrx_word' id='word_1_278' title='bbox 534 3547 717 3616; x_wconf 74' lang='lat' dir='ltr'><em>commode</em></span> <span class='ocrx_word' id='word_1_279' title='bbox 739 3561 923 3640; x_wconf 80' lang='lat' dir='ltr'><em>poterunt,</em></span> <span class='ocrx_word' id='word_1_280' title='bbox 944 3544 1032 3618; x_wconf 73' lang='lat' dir='ltr'><em>alias</em></span> <span class='ocrx_word' id='word_1_281' title='bbox 1056 3545 1267 3619; x_wconf 82' lang='lat' dir='ltr'><em>reincidunt</em></span> <span class='ocrx_word' id='word_1_282' title='bbox 1290 3550 1330 3623; x_wconf 88' lang='lat' dir='ltr'><em>in</em></span> 
     </span>
     <span class='ocr_line' id='line_1_35' title="bbox 241 3640 1333 3741; baseline 0.005 -29"><span class='ocrx_word' id='word_1_283' title='bbox 241 3640 410 3713; x_wconf 85' lang='lat' dir='ltr'><em>eamdem</em></span> <span class='ocrx_word' id='word_1_284' title='bbox 426 3658 639 3732; x_wconf 64' lang='lat' dir='ltr'><em>censuram</em></span> <span class='ocrx_word' id='word_1_285' title='bbox 660 3658 697 3715; x_wconf 83' lang='lat' dir='ltr'><em>et</em></span> <span class='ocrx_word' id='word_1_286' title='bbox 719 3643 793 3718; x_wconf 86' lang='lat' dir='ltr'><em>hoc</em></span> <span class='ocrx_word' id='word_1_287' title='bbox 818 3669 892 3716; x_wconf 91' lang='lat' dir='ltr'><em>non</em></span> <span class='ocrx_word' id='word_1_288' title='bbox 922 3643 1109 3732; x_wconf 83' lang='lat' dir='ltr'><em>obstante,</em></span> <span class='ocrx_word' id='word_1_289' title='bbox 1129 3646 1195 3740; x_wconf 89' lang='lat' dir='ltr'><em>(ut</em></span> <span class='ocrx_word' id='word_1_290' title='bbox 1223 3650 1333 3741; x_wconf 80' lang='lat' dir='ltr'><em>ajunt</em></span> 
     </span>
     <span class='ocr_line' id='line_1_36' title="bbox 240 3735 1331 3842; baseline 0.011 -35"><span class='ocrx_word' id='word_1_291' title='bbox 240 3735 359 3836; x_wconf 76' lang='lat' dir='ltr'><em>Lego,</em></span> <span class='ocrx_word' id='word_1_292' title='bbox 371 3737 541 3825; x_wconf 78' lang='lat' dir='ltr'><em>Mt&#39;lente,</em></span> <span class='ocrx_word' id='word_1_293' title='bbox 552 3755 588 3813; x_wconf 86' lang='lat' dir='ltr'><em>et</em></span> <span class='ocrx_word' id='word_1_294' title='bbox 601 3739 768 3839; x_wconf 71' lang='lat' dir='ltr'><em>Geren),</em></span> <span class='ocrx_word' id='word_1_295' title='bbox 785 3767 860 3815; x_wconf 88' lang='lat' dir='ltr'><em>non</em></span> <span class='ocrx_word' id='word_1_296' title='bbox 876 3741 1088 3842; x_wconf 78' lang='lat' dir='ltr'><em>judicantur</em></span> <span class='ocrx_word' id='word_1_297' title='bbox 1105 3741 1331 3833; x_wconf 75' lang='lat' dir='ltr'><em>reincidam,</em></span> 
     </span>
     <span class='ocr_line' id='line_1_37' title="bbox 240 3834 1331 3939; baseline 0.007 -29"><span class='ocrx_word' id='word_1_298' title='bbox 240 3835 274 3910; x_wconf 87' lang='lat' dir='ltr'><em>si</em></span> <span class='ocrx_word' id='word_1_299' title='bbox 290 3834 385 3911; x_wconf 75' lang='lat' dir='ltr'><em>intri</em></span> <span class='ocrx_word' id='word_1_300' title='bbox 400 3836 563 3912; x_wconf 86' lang='lat' dir='ltr'><em>triduum</em></span> <span class='ocrx_word' id='word_1_301' title='bbox 583 3864 622 3914; x_wconf 91' lang='lat' dir='ltr'><em>se</em></span> <span class='ocrx_word' id='word_1_302' title='bbox 643 3853 877 3939; x_wconf 70' lang='lat' dir='ltr'><em>presentant.</em></span> <span class='ocrx_word' id='word_1_303' title='bbox 893 3840 952 3914; x_wconf 81' lang='lat' dir='ltr'><em>sic</em></span> <span class='ocrx_word' id='word_1_304' title='bbox 965 3842 1073 3915; x_wconf 80' lang='lat' dir='ltr'><em>etiim</em></span> <span class='ocrx_word' id='word_1_305' title='bbox 1091 3840 1223 3915; x_wconf 77' lang='lat' dir='ltr'><em>Scncb.</em></span> <span class='ocrx_word' id='word_1_306' title='bbox 1240 3839 1331 3919; x_wconf 87' lang='lat' dir='ltr'><em>Dec.</em></span> 
     </span>
     <span class='ocr_line' id='line_1_38' title="bbox 135 3927 1329 4040; baseline 0.004 -33"><span class='ocrx_word' id='word_1_307' title='bbox 135 3979 138 3986; x_wconf 91' lang='lat'>·</span> <span class='ocrx_word' id='word_1_308' title='bbox 240 3932 264 4007; x_wconf 83' lang='lat' dir='ltr'><em>l.</em></span> <span class='ocrx_word' id='word_1_309' title='bbox 284 3959 305 4009; x_wconf 77' lang='lat' dir='ltr'><em>a</em></span> <span class='ocrx_word' id='word_1_310' title='bbox 323 3961 355 4010; x_wconf 82' lang='lat' dir='ltr'><em>c.</em></span> <span class='ocrx_word' id='word_1_311' title='bbox 380 3961 422 4008; x_wconf 81' lang='lat' dir='ltr'><em>ro</em></span> <span class='ocrx_word' id='word_1_312' title='bbox 437 3963 475 4007; x_wconf 88' lang='lat' dir='ltr'><em>n.</em></span> <span class='ocrx_word' id='word_1_313' title='bbox 493 3927 552 4012; x_wconf 87' lang='grc'><em>55.</em></span> <span class='ocrx_word' id='word_1_314' title='bbox 570 3964 647 4011; x_wconf 86' lang='lat' dir='ltr'><em>cnm</em></span> <span class='ocrx_word' id='word_1_315' title='bbox 670 3937 837 4037; x_wconf 76' lang='lat' dir='ltr'><em>Ugolirm,</em></span> <span class='ocrx_word' id='word_1_316' title='bbox 853 3952 889 4008; x_wconf 89' lang='lat' dir='ltr'><em>et</em></span> <span class='ocrx_word' id='word_1_317' title='bbox 902 3938 1029 4040; x_wconf 69' lang='lat' dir='ltr'><em>Satyro,</em></span> <span class='ocrx_word' id='word_1_318' title='bbox 1042 3937 1142 4028; x_wconf 87' lang='lat' dir='ltr'><em>dicit,</em></span> <span class='ocrx_word' id='word_1_319' title='bbox 1161 3967 1329 4040; x_wconf 78' lang='lat' dir='ltr'><em>praecep·</em></span> 
     </span>
     <span class='ocr_line' id='line_1_39' title="bbox 235 4029 1328 4138; baseline 0.01 -32"><span class='ocrx_word' id='word_1_320' title='bbox 235 4045 322 4124; x_wconf 74' lang='lat' dir='ltr'><em>tuna</em></span> <span class='ocrx_word' id='word_1_321' title='bbox 334 4029 521 4126; x_wconf 82' lang='lat' dir='ltr'><em>deserendi</em></span> <span class='ocrx_word' id='word_1_322' title='bbox 534 4032 648 4108; x_wconf 90' lang='lat' dir='ltr'><em>libros</em></span> <span class='ocrx_word' id='word_1_323' title='bbox 658 4034 929 4110; x_wconf 85' lang='lat' dir='ltr'><em>Haeretieorum</em></span> <span class='ocrx_word' id='word_1_324' title='bbox 941 4038 987 4110; x_wconf 91' lang='lat' dir='ltr'><em>ad</em></span> <span class='ocrx_word' id='word_1_325' title='bbox 997 4037 1235 4138; x_wconf 82' lang='lat' dir='ltr'><em>inquisitores</em></span> <span class='ocrx_word' id='word_1_326' title='bbox 1249 4065 1328 4118; x_wconf 88' lang='lat' dir='ltr'><em>non</em></span> 
     </span>
     <span class='ocr_line' id='line_1_40' title="bbox 238 4119 1326 4239; baseline 0.006 -32"><span class='ocrx_word' id='word_1_327' title='bbox 238 4119 377 4207; x_wconf 62' lang='lat' dir='ltr'><em>violare</em></span> <span class='ocrx_word' id='word_1_328' title='bbox 402 4136 557 4233; x_wconf 82' lang='lat' dir='ltr'><em>graviter</em></span> <span class='ocrx_word' id='word_1_329' title='bbox 581 4160 692 4226; x_wconf 54' lang='lat' dir='ltr'><em>eume</em></span> <span class='ocrx_word' id='word_1_330' title='bbox 717 4137 781 4238; x_wconf 88' lang='lat' dir='ltr'><em>qui</em></span> <span class='ocrx_word' id='word_1_331' title='bbox 802 4160 869 4239; x_wconf 91' lang='lat' dir='ltr'><em>per</em></span> <span class='ocrx_word' id='word_1_332' title='bbox 895 4133 1053 4211; x_wconf 87' lang='lat' dir='ltr'><em>biduum</em></span> <span class='ocrx_word' id='word_1_333' title='bbox 1074 4133 1156 4212; x_wconf 89' lang='lat' dir='ltr'><em>illos</em></span> <span class='ocrx_word' id='word_1_334' title='bbox 1177 4139 1326 4214; x_wconf 86' lang='lat' dir='ltr'><em>retinet.</em></span> 
     </span>
    </p>
   </div>
   <div class='ocr_carea' id='block_1_5' title="bbox 0 0 1446 4684">
    <p class='ocr_par' dir='ltr' id='par_1_5' title="bbox 0 0 1446 4684">
     <span class='ocr_line' id='line_1_41' title="bbox 0 0 1446 4684; baseline 0 2"><span class='ocrx_word' id='word_1_335' title='bbox 0 0 1446 4684; x_wconf 95' lang='lat' dir='ltr'><em> </em></span> 
     </span>
    </p>
   </div>
  </div>
 </body>
</html>
