2884 4684
212 160 277 251 oet
320 182 396 249 Lib.
410 183 469 252 vt.
486 182 593 251 Tract.
610 184 668 252 tv.
685 164 737 252 De
752 184 953 253 Sacramenta
970 131 1180 253 renitentia.

136 284 142 295 ’
212 295 407 392 publicum
425 353 434 386 ,
460 312 500 370 ut
518 296 607 370 dicit
623 297 752 370 Glossa
770 300 809 371 in
827 324 906 397 cap.
924 299 1097 390 Quamvis
1113 295 1159 369 de
1174 296 1297 395 pactis·

212 394 255 465 in
266 395 301 469 6.
317 397 411 468 Hinc
421 397 450 468 si
461 397 541 496 quis
552 398 774 494 percusserit
782 396 981 483 Clericum,
992 394 1289 494 sufficitei,quod

210 518 251 564 se
267 493 468 585 submittat,
483 494 541 567 vel
559 493 661 593 quud
678 494 838 568 offensus
853 497 1022 592 injuriam
1039 496 1210 581 remittat,
1225 505 1313 566 aut·

212 591 260 662 ita
274 616 313 664 se
329 609 447 688 gerat,
463 607 506 667 ut
523 591 724 690 prudenter
744 608 984 695 praesumatur
999 618 1149 670 omnem
1168 591 1291 664 offen·

211 714 292 763 sam
311 694 500 777 remisisse.
516 691 624 768 Recte
641 690 725 767 verd
744 693 899 765 advertit
914 693 1021 765 Croix
1036 718 1074 765 ιι.
1091 692 1299 785 ‘1456cum

210 789 344 863 Bonae.
369 805 405 862 et
420 791 505 864 Fitt.
521 796 534 890 (
548 804 671 864 contra
692 789 833 865 Vivam.
855 791 987 873 Tamb,
1005 791 1099 863 Dian
1115 798 1203 883 etc.)
1215 812 1291 861 nun

211 886 377 961 sufficere
395 891 644 963 remissionem
661 890 834 966 Monaehi
851 889 981 964 offensi
999 946 1009 975 ,
1031 893 1062 962 si
1089 887 1224 988 injuria
1250 888 1292 959 iu

211 1000 326 1059 totam
346 987 606 1061 redundaverit
631 989 931 1061 communitatem
954 1003 1015 1061 :et
1028 987 1126 1060 banc
1141 1000 1295 1059 testatur

208 1083 240 1157 F
240 1083 400 1159 itliucius
419 1111 496 1159 esse
515 1087 654 1183 praxim
671 1092 706 1160 S.
720 1088 1015 1162 Poeniteutiariae.
1028 1088 1071 1159 11.
1086 1086 1123 1158 si
1136 1111 1219 1186 pars
1235 1109 1294 1156 re·

210 1199 301 1255 uuat
314 1190 451 1280 justam
463 1185 743 1260 satisfactionem
760 1185 922 1261 oblatam
936 1186 1044 1284 ,quia
1057 1198 1146 1257 tunc
1157 1183 1295 1283 peripd

211 1307 291 1353 sum
309 1309 385 1355 nou
406 1298 496 1376 stat3
512 1288 559 1359 ita
577 1283 746 1382 praeiatus
763 1288 901 1361 ductor
915 1282 943 1360 l.
956 1311 991 1359 c.
1008 1310 1094 1355 cum
1107 1281 1293 1359 Candido.

135 1426 138 1432 ,
210 1378 273 1455 ΙΙΙ.
291 1381 328 1454 Si
350 1385 531 1481 poenitens
549 1398 692 1480 praestet
711 1400 853 1484 purtem
871 1409 982 1482 quarn
1000 1396 1137 1479 potest,
1160 1386 1296 1477 etpig-

216 1504 308 1567 nus,
333 1495 397 1555 aut
417 1487 667 1577 iuramentum
686 1481 732 1555 de
754 1482 908 1581 reliquo.
924 1483 988 1555 IV.
1003 1481 1040 1553 Si
1057 1479 1203 1553 debitor
1216 1504 1294 1550 nou

148 1668 151 1675 .
208 1581 326 1692 possit
353 1594 442 1654 tuuc
470 1580 700 1664 satisfacere,
728 1581 898 1654 nisieum
912 1604 1045 1676 magno
1063 1578 1217 1667 damno,
1234 1591 1309 1650 aut,

211 1677 449 1751 incommodo
464 1735 474 1769 ,
490 1679 562 1751 nisi
575 1705 656 1776 pars
675 1677 757 1753 laesa
778 1679 877 1752 idern
894 1678 1072 1750 damnum
1086 1703 1129 1749 ex
1145 1676 1298 1749 dilatio·
1327 1704 1330 1711 ⁴

211 1800 260 1846 ne
275 1774 428 1849 subiret.
444 1779 497 1851 Ita
513 1777 614 1849 idem
628 1780 770 1852 Auctor
785 1805 872 1857 cum
891 1778 1019 1849 Narar.
1036 1791 1074 1849 et
1091 1774 1212 1860 avita,
1258 1774 1299 1847 ui

204 1864 335 1963 addit,
361 1876 481 1976 quod,
498 1902 584 1953 cum
604 1877 765 1950 creditor
777 1877 823 1951 sit
841 1875 1004 1962 distans,
1027 1874 1140 1973 possit
1155 1801 1299 1946 absibi

220 1972 384 2056 debitor,
402 1977 430 2046 si
448 1974 608 2075 deponat
630 1975 822 2071 pecuniam
842 1976 882 2046 in
899 1976 980 2046 ioco
998 1988 1090 2046 tuto.

261 2068 395 2145 Utrbm
410 2089 530 2145 autem
544 2072 732 2146 absolutus
752 2074 772 2144 a
787 2075 952 2144 censuris
968 2070 1039 2145 sub
1055 2069 1301 2172 promissione

216 2170 483 2259 satisfaciendi,
506 2170 685 2244 reincidat
700 2171 739 2243 iu
762 2196 841 2258 eas,
866 2173 895 2241 si
922 2174 1045 2266 postea
1063 2196 1139 2241 uon
1155 2168 1300 2241 satissa-

210 2271 281 2339 ciat
296 2268 606 2344 i’AssirmantNav.
618 2269 728 2344 Rodr.
746 2282 783 2342 et
798 2270 898 2369 Vega
915 2269 1013 2368 apud
1035 2269 1164 2343 Vivam
1180 2295 1245 2340 nu.
1261 2291 1298 2366 7.

211 2365 284 2439 Sed
308 2366 534 2466 probabilius
552 2383 685 2465 negent
703 2368 838 2467 Sporer
854 2370 879 2441 l.
904 2395 937 2444 c.
954 2383 991 2440 et
1008 2367 1100 2439 Viva
1117 2392 1203 2442 cum
1220 2367 1267 2439 Su
1288 2420 1300 2451 ‚

212 2463 311 2538 Gob.
330 2468 428 2539 Boas.
450 2480 486 2540 et
507 2468 574 2541 Pas
606 2523 614 2541 .
634 2468 722 2567 quia
738 2492 781 2540 es
801 2493 882 2565 cap.
909 2466 972 2536 Ad
981 2464 1234 2560 vepn’rnendam
1253 2464 1307 2535 de

214 2563 313 2656 Offic.
332 2564 452 2639 Ordaia.
469 2495 709 2639 reincideutia
728 2591 803 2637 non
825 2566 1050 2651 incurritur,
1066 2564 1138 2637 nisi
1155 2562 1301 2664 dejure

213 2663 448 2761 exprimatur.

261 2763 448 2852 Quaeritur
458 2760 598 2837 vlita
612 2761 747 2862 quibus
766 2761 911 2836 casibus
927 2775 963 2834 et
978 2762 1143 2835 'censuris
1158 2758 1303 2856 possint

213 2858 433 2933 Confessarii
456 2859 642 2933 absolvere
667 2878 831 2961 tempure
849 2854 1025 2940 Jubilaei?
1045 2860 1306 2935 Commuuiter

215 2956 344 3031 dicunt
362 2960 464 3032 Suar.
484 2959 519 3032 d.
540 2983 581 3058 7.
596 2959 643 3033 de
660 2963 815 3036 Census.
831 2987 863 3036 c.
881 2960 916 3034 5.
937 2958 1141 3032 Holzmann
1164 2984 1202 3057 p.
1236 2955 1304 3030 163

213 3083 251 3128 ιι.
272 3058 357 3131 638.
376 3057 511 3154 Sporer
535 3086 571 3155 p.
600 3060 670 3132 268
694 3086 731 3131 n.
753 3085 834 3131 ata.
850 3059 943 3130 Viva
964 3085 1001 3155 q.
1024 3084 1061 3131 ιι
1083 3069 1188 3133 arta
1207 3081 1245 3128 ιι.
1269 3082 1303 3126 ι.

212 3154 301 3226 item
333 3155 443 3254 Vasq.
467 3160 593 3255 Laym.
621 3157 739 3232 Henr.
765 3160 848 3257 Reg.
878 3158 1015 3244 Diana,
1046 3172 1083 3227 et
1112 3154 1174 3227 alii
1202 3152 1307 3254 apud

212 3255 321 3327 Croix
339 3281 375 3327 ιι.
400 3255 503 3348 ι45ι.
523 3254 748 3354 ἰιιξᾶυῙιιΙιιιο,
780 3254 932 3354 qnandb
952 3253 1170 3327 conceditur
1183 3250 1307 3325 tacul-

212 3366 268 3424 tas
287 3351 499 3425 absolvendi
517 3359 534 3425 d
555 3356 743 3428 reservatis
757 3355 947 3445 Pontifici,
968 3353 1048 3426 dari
1063 3354 1171 3426 etiam
1187 3349 1307 3423 factal·

212 3464 325 3523 tatem
352 3452 565 3526 absolvendi
585 3456 603 3523 a
626 3455 811 3535 reservatis
837 3455 1046 3554 Episcopo,
1073 3450 1240 3550 quamvis
1263 3449 1307 3523 id

211 3576 288 3623 non
302 3552 540 3650 exprimatur.
554 3554 662 3642 Item,
678 3551 765 3625 lieet
778 3566 962 3652 nequeant
974 3548 1112 3623 absolvi
1127 3547 1307 3638 baeretici,

211 3647 352 3720 absolvi
372 3664 492 3721 tamen
509 3666 661 3748 possunt
677 3651 901 3749 proferentes
912 3648 1181 3749 blasphemiam
1197 3647 1312 3718 baere-

214 3747 376 3837 nicalem,
403 3766 438 3820 et
468 3749 628 3823 fautores
657 3764 720 3822 aut
747 3763 991 3855 receptatores
1020 3746 1309 3819 hereticorum:

213 3871 360 3921 necnon
375 3847 552 3946 legentes,
565 3851 763 3920 retinentes
775 3848 829 3920 vel
845 3849 1096 3945 imprimentes
1105 3844 1219 3916 libros
1236 3842 1312 3916 ha·-

214 3950 368 4031 reticos3
383 3948 429 4018 ita
443 3946 554 4030 Croix
566 3975 602 4020 n.
619 3939 1313 4044 1451cumLug..G0b.Dian.,etBett.

218 4071 260 4117 ac
276 4040 369 4116 Viva
385 4072 420 4143 q.
442 4072 452 4117 ι
466 4073 478 4116 ι
492 4060 559 4118 art.
577 4074 587 4121 ι
607 4070 645 4117 n.
661 4044 781 4121 ticum
794 4043 1131 4129 Suar.,Sauc.Hen.
1144 4042 1310 4125 etBoss.,

215 4158 343 4217 contra
369 4146 476 4217 azor.
502 4144 609 4226 Rudr.
635 4159 672 4224 et
695 4145 798 4220 alies.
828 4144 927 4227 natio
948 4198 958 4235 ,
982 4145 1069 4254 quia
1094 4136 1312 4239 hujusmodi
