<?xml version="1.0" encoding="UTF-8"?>
<!DOCTYPE html PUBLIC "-//W3C//DTD XHTML 1.0 Transitional//EN"
    "http://www.w3.org/TR/xhtml1/DTD/xhtml1-transitional.dtd">
<html xmlns="http://www.w3.org/1999/xhtml" xml:lang="en" lang="en">
 <head>
  <title>
</title>
<meta http-equiv="Content-Type" content="text/html;charset=utf-8" />
  <meta name='ocr-system' content='tesseract 3.04.00' />
  <meta name='ocr-capabilities' content='ocr_page ocr_carea ocr_par ocr_line ocrx_word'/>
</head>
<body>
  <div class='ocr_page' id='page_1' title='image "./theologiamorali08ligugoog_0464.png"; bbox 0 0 2884 4684; ppageno 0'>
   <div class='ocr_carea' id='block_1_1' title="bbox 301 314 1372 404">
    <p class='ocr_par' dir='ltr' id='par_1_1' title="bbox 301 314 1372 404">
     <span class='ocr_line' id='line_1_1' title="bbox 301 314 1372 404; baseline -0.002 -21"><span class='ocrx_word' id='word_1_1' title='bbox 301 315 374 404; x_wconf 68' lang='lat' dir='ltr'><strong>dio</strong></span> <span class='ocrx_word' id='word_1_2' title='bbox 415 314 488 382; x_wconf 84' lang='lat' dir='ltr'><strong>Lib.</strong></span> <span class='ocrx_word' id='word_1_3' title='bbox 505 314 564 383; x_wconf 76' lang='lat' dir='ltr'><strong>vl.</strong></span> <span class='ocrx_word' id='word_1_4' title='bbox 582 314 691 381; x_wconf 85' lang='lat' dir='ltr'><strong>Tract.</strong></span> <span class='ocrx_word' id='word_1_5' title='bbox 712 314 771 383; x_wconf 82' lang='lat' dir='ltr'><strong>lv.</strong></span> <span class='ocrx_word' id='word_1_6' title='bbox 790 317 840 384; x_wconf 84' lang='lat' dir='ltr'><strong>De</strong></span> <span class='ocrx_word' id='word_1_7' title='bbox 855 315 1059 383; x_wconf 73' lang='lat' dir='ltr'><strong>Sacramento</strong></span> <span class='ocrx_word' id='word_1_8' title='bbox 1077 314 1284 381; x_wconf 76' lang='lat' dir='ltr'><strong>Poenitentiae.</strong></span> <span class='ocrx_word' id='word_1_9' title='bbox 1366 340 1372 351; x_wconf 63' lang='lat'><strong><em>⁴</em></strong></span> 
     </span>
    </p>
   </div>
   <div class='ocr_carea' id='block_1_2' title="bbox 235 423 1406 4271">
    <p class='ocr_par' dir='ltr' id='par_1_2' title="bbox 235 423 1396 3250">
     <span class='ocr_line' id='line_1_2' title="bbox 309 423 1384 526; baseline -0.002 -27"><span class='ocrx_word' id='word_1_10' title='bbox 309 441 364 499; x_wconf 83' lang='lat' dir='ltr'><strong>tes</strong></span> <span class='ocrx_word' id='word_1_11' title='bbox 378 428 394 498; x_wconf 69' lang='lat' dir='ltr'><strong>i</strong></span> <span class='ocrx_word' id='word_1_12' title='bbox 407 423 517 501; x_wconf 73' lang='lat' dir='ltr'><strong>Recte</strong></span> <span class='ocrx_word' id='word_1_13' title='bbox 539 425 737 525; x_wconf 82' lang='lat' dir='ltr'><strong>respondet</strong></span> <span class='ocrx_word' id='word_1_14' title='bbox 763 426 984 516; x_wconf 85' lang='lat' dir='ltr'><strong>Merbesius,</strong></span> <span class='ocrx_word' id='word_1_15' title='bbox 999 425 1100 526; x_wconf 87' lang='lat' dir='ltr'><strong>quod</strong></span> <span class='ocrx_word' id='word_1_16' title='bbox 1114 424 1209 498; x_wconf 83' lang='lat' dir='ltr'><strong>illud</strong></span> <span class='ocrx_word' id='word_1_17' title='bbox 1222 481 1231 509; x_wconf 85' lang='lat'><strong>.</strong></span> <span class='ocrx_word' id='word_1_18' title='bbox 1243 429 1333 498; x_wconf 74' lang='lat' dir='ltr'><strong>rntrd</strong></span> <span class='ocrx_word' id='word_1_19' title='bbox 1345 449 1384 497; x_wconf 81' lang='lat' dir='ltr'><strong>re</strong></span> 
     </span>
     <span class='ocr_line' id='line_1_3' title="bbox 305 522 1383 623; baseline -0.002 -25"><span class='ocrx_word' id='word_1_20' title='bbox 305 524 521 622; x_wconf 70' lang='lat' dir='ltr'><strong>pendentes,</strong></span> <span class='ocrx_word' id='word_1_21' title='bbox 535 549 609 597; x_wconf 86' lang='lat' dir='ltr'><strong>nun</strong></span> <span class='ocrx_word' id='word_1_22' title='bbox 623 524 755 599; x_wconf 85' lang='lat' dir='ltr'><strong>debeat</strong></span> <span class='ocrx_word' id='word_1_23' title='bbox 768 526 924 623; x_wconf 79' lang='lat' dir='ltr'>intelligi</span> <span class='ocrx_word' id='word_1_24' title='bbox 934 522 1100 598; x_wconf 76' lang='lat' dir='ltr'><strong>absolute</strong></span> <span class='ocrx_word' id='word_1_25' title='bbox 1111 580 1121 609; x_wconf 86' lang='lat'>‚</span> <span class='ocrx_word' id='word_1_26' title='bbox 1134 526 1199 598; x_wconf 90' lang='lat' dir='ltr'><strong>sed</strong></span> <span class='ocrx_word' id='word_1_27' title='bbox 1211 524 1383 597; x_wconf 88' lang='lat' dir='ltr'><strong>dubitan-</strong></span> 
     </span>
     <span class='ocr_line' id='line_1_4' title="bbox 311 622 1388 723; baseline -0.002 -29"><span class='ocrx_word' id='word_1_28' title='bbox 311 637 389 710; x_wconf 88' lang='lat' dir='ltr'><strong>ter,</strong></span> <span class='ocrx_word' id='word_1_29' title='bbox 412 622 546 721; x_wconf 74' lang='lat' dir='ltr'><strong>nempe</strong></span> <span class='ocrx_word' id='word_1_30' title='bbox 568 622 599 694; x_wconf 89' lang='lat' dir='ltr'><strong>si</strong></span> <span class='ocrx_word' id='word_1_31' title='bbox 618 623 710 698; x_wconf 73' lang='lat' dir='ltr'><strong>forte</strong></span> <span class='ocrx_word' id='word_1_32' title='bbox 728 626 946 722; x_wconf 73' lang='lat' dir='ltr'><strong>prenitentes</strong></span> <span class='ocrx_word' id='word_1_33' title='bbox 971 624 1178 723; x_wconf 76' lang='lat' dir='ltr'><strong>jacuerint:</strong></span> <span class='ocrx_word' id='word_1_34' title='bbox 1197 636 1233 696; x_wconf 88' lang='lat' dir='ltr'><strong>et</strong></span> <span class='ocrx_word' id='word_1_35' title='bbox 1255 623 1325 695; x_wconf 88' lang='lat' dir='ltr'><strong>hoc</strong></span> <span class='ocrx_word' id='word_1_36' title='bbox 1344 623 1388 693; x_wconf 82' lang='lat' dir='ltr'><strong>fit</strong></span> 
     </span>
     <span class='ocr_line' id='line_1_5' title="bbox 309 719 1386 889; baseline 0.001 -98"><span class='ocrx_word' id='word_1_37' title='bbox 309 721 545 795; x_wconf 80' lang='lat' dir='ltr'><strong>ruaniiestum</strong></span> <span class='ocrx_word' id='word_1_38' title='bbox 571 746 615 795; x_wconf 81' lang='lat' dir='ltr'><strong>ex</strong></span> <span class='ocrx_word' id='word_1_39' title='bbox 637 720 758 794; x_wconf 79' lang='lat' dir='ltr'><strong>verbis</strong></span> <span class='ocrx_word' id='word_1_40' title='bbox 776 720 1015 820; x_wconf 76' lang='lat' dir='ltr'><strong>sequentibus</strong></span> <span class='ocrx_word' id='word_1_41' title='bbox 1037 723 1074 795; x_wconf 83' lang='lat' dir='ltr'><strong>S.</strong></span> <span class='ocrx_word' id='word_1_42' title='bbox 1091 723 1283 797; x_wconf 84' lang='lat' dir='ltr'><strong>Ductoris:</strong></span> <span class='ocrx_word' id='word_1_43' title='bbox 1302 719 1386 889; x_wconf 53' lang='lat' dir='ltr'><strong>{air</strong></span> 
     </span>
     <span class='ocr_line' id='line_1_6' title="bbox 308 817 1383 912; baseline 0.002 -25"><span class='ocrx_word' id='word_1_44' title='bbox 308 819 402 889; x_wconf 80' lang='lat' dir='ltr'><strong>enim</strong></span> <span class='ocrx_word' id='word_1_45' title='bbox 424 820 533 907; x_wconf 78' lang='lat' dir='ltr'><strong>norit,</strong></span> <span class='ocrx_word' id='word_1_46' title='bbox 550 823 662 891; x_wconf 73' lang='lat' dir='ltr'><strong>nrrdm</strong></span> <span class='ocrx_word' id='word_1_47' title='bbox 664 818 841 912; x_wconf 79' lang='lat' dir='ltr'><strong>fortassis</strong></span> <span class='ocrx_word' id='word_1_48' title='bbox 858 819 1056 905; x_wconf 69' lang='lat' dir='ltr'><strong>adulterine</strong></span> <span class='ocrx_word' id='word_1_49' title='bbox 1080 819 1196 892; x_wconf 83' lang='lat' dir='ltr'><strong>carnr&#39;s</strong></span> <span class='ocrx_word' id='word_1_50' title='bbox 1218 818 1313 891; x_wconf 80' lang='lat' dir='ltr'><strong>r‘llece</strong></span> <span class='ocrx_word' id='word_1_51' title='bbox 1335 817 1383 889; x_wconf 77' lang='lat' dir='ltr'><strong>ris</strong></span> 
     </span>
     <span class='ocr_line' id='line_1_7' title="bbox 258 914 1387 1015; baseline 0.002 -29"><span class='ocrx_word' id='word_1_52' title='bbox 258 948 262 954; x_wconf 89' lang='lat'><strong>·</strong></span> <span class='ocrx_word' id='word_1_53' title='bbox 310 943 419 1014; x_wconf 78' lang='lat' dir='ltr'><strong>arque</strong></span> <span class='ocrx_word' id='word_1_54' title='bbox 443 918 494 988; x_wconf 84' lang='lat' dir='ltr'><strong>ad</strong></span> <span class='ocrx_word' id='word_1_55' title='bbox 516 917 739 1015; x_wconf 66' lang='lat' dir='ltr'><strong>Baptrlrmurrr</strong></span> <span class='ocrx_word' id='word_1_56' title='bbox 752 933 958 999; x_wconf 70' lang='lat' dir='ltr'><strong>statuerant</strong></span> <span class='ocrx_word' id='word_1_57' title='bbox 971 918 1155 991; x_wconf 76' lang='lat' dir='ltr'><em>detineri?</em></span> <span class='ocrx_word' id='word_1_58' title='bbox 1182 920 1278 1015; x_wconf 88' lang='lat' dir='ltr'><strong>Cum</strong></span> <span class='ocrx_word' id='word_1_59' title='bbox 1302 914 1387 1014; x_wconf 68' lang='lat' dir='ltr'><strong>ergo</strong></span> 
     </span>
     <span class='ocr_line' id='line_1_8' title="bbox 307 1014 1385 1115; baseline -0.001 -27"><span class='ocrx_word' id='word_1_60' title='bbox 307 1014 353 1101; x_wconf 83' lang='lat' dir='ltr'><strong>D.</strong></span> <span class='ocrx_word' id='word_1_61' title='bbox 369 1017 462 1113; x_wconf 81' lang='lat' dir='ltr'><strong>Aug.</strong></span> <span class='ocrx_word' id='word_1_62' title='bbox 478 1014 630 1100; x_wconf 78' lang='lat' dir='ltr'><strong>dixerit,</strong></span> <span class='ocrx_word' id='word_1_63' title='bbox 645 1015 832 1115; x_wconf 71' lang='lat' dir='ltr'><strong>Quirenr&#39;m</strong></span> <span class='ocrx_word' id='word_1_64' title='bbox 842 1015 953 1099; x_wconf 79' lang='lat' dir='ltr'><strong>rrert‘t,</strong></span> <span class='ocrx_word' id='word_1_65' title='bbox 965 1016 1154 1115; x_wconf 80' lang='lat' dir='ltr'><strong>supponit,</strong></span> <span class='ocrx_word' id='word_1_66' title='bbox 1172 1014 1385 1114; x_wconf 78' lang='lat' dir='ltr'><strong>hujusmodi</strong></span> 
     </span>
     <span class='ocr_line' id='line_1_9' title="bbox 310 1113 1383 1213; baseline -0.001 -27"><span class='ocrx_word' id='word_1_67' title='bbox 310 1130 521 1212; x_wconf 68' lang='lat' dir='ltr'>peccatores</span> <span class='ocrx_word' id='word_1_68' title='bbox 552 1113 701 1186; x_wconf 83' lang='lat' dir='ltr'><strong>nullum</strong></span> <span class='ocrx_word' id='word_1_69' title='bbox 725 1115 971 1188; x_wconf 81' lang='lat' dir='ltr'><strong>conversionis</strong></span> <span class='ocrx_word' id='word_1_70' title='bbox 995 1114 1143 1212; x_wconf 85' lang='lat' dir='ltr'><strong>signum</strong></span> <span class='ocrx_word' id='word_1_71' title='bbox 1163 1113 1383 1213; x_wconf 75' lang='lat' dir='ltr'><strong>praebuisse,</strong></span> 
     </span>
     <span class='ocr_line' id='line_1_10' title="bbox 310 1209 1385 1309; baseline -0.001 -26"><span class='ocrx_word' id='word_1_72' title='bbox 310 1209 398 1283; x_wconf 72' lang='lat' dir='ltr'><strong>alias</strong></span> <span class='ocrx_word' id='word_1_73' title='bbox 418 1218 489 1309; x_wconf 74' lang='lat' dir='ltr'><strong>jam</strong></span> <span class='ocrx_word' id='word_1_74' title='bbox 505 1227 636 1285; x_wconf 90' lang='lat' dir='ltr'><strong>notum</strong></span> <span class='ocrx_word' id='word_1_75' title='bbox 653 1228 764 1297; x_wconf 80' lang='lat' dir='ltr'><strong>esset,</strong></span> <span class='ocrx_word' id='word_1_76' title='bbox 783 1214 793 1283; x_wconf 90' lang='lat' dir='ltr'><strong>i</strong></span> <span class='ocrx_word' id='word_1_77' title='bbox 822 1240 880 1286; x_wconf 83' lang='lat' dir='ltr'><strong>sos</strong></span> <span class='ocrx_word' id='word_1_78' title='bbox 892 1213 1058 1285; x_wconf 78' lang='lat' dir='ltr'><strong>statuisse</strong></span> <span class='ocrx_word' id='word_1_79' title='bbox 1074 1210 1278 1284; x_wconf 83' lang='lat' dir='ltr'><strong>adulterina</strong></span> <span class='ocrx_word' id='word_1_80' title='bbox 1292 1234 1385 1296; x_wconf 83' lang='lat' dir='ltr'><strong>con·</strong></span> 
     </span>
     <span class='ocr_line' id='line_1_11' title="bbox 310 1241 1384 1409; baseline -0.001 -27"><span class='ocrx_word' id='word_1_81' title='bbox 310 1312 420 1382; x_wconf 87' lang='lat' dir='ltr'><strong>sortia</strong></span> <span class='ocrx_word' id='word_1_82' title='bbox 433 1336 510 1382; x_wconf 90' lang='lat' dir='ltr'><strong>non</strong></span> <span class='ocrx_word' id='word_1_83' title='bbox 528 1311 703 1383; x_wconf 84' lang='lat' dir='ltr'><strong>detinere.</strong></span> <span class='ocrx_word' id='word_1_84' title='bbox 725 1314 773 1383; x_wconf 87' lang='lat' dir='ltr'><strong>Et</strong></span> <span class='ocrx_word' id='word_1_85' title='bbox 791 1241 867 1386; x_wconf 60' lang='lat' dir='ltr'><strong>iaec</strong></span> <span class='ocrx_word' id='word_1_86' title='bbox 883 1310 1062 1383; x_wconf 88' lang='lat' dir='ltr'><strong>sententia</strong></span> <span class='ocrx_word' id='word_1_87' title='bbox 1082 1310 1167 1381; x_wconf 86' lang='lat' dir='ltr'><strong>satis</strong></span> <span class='ocrx_word' id='word_1_88' title='bbox 1185 1308 1384 1409; x_wconf 83' lang='lat' dir='ltr'><strong>probabilis</strong></span> 
     </span>
     <span class='ocr_line' id='line_1_12' title="bbox 310 1407 1385 1508; baseline 0.001 -29"><span class='ocrx_word' id='word_1_89' title='bbox 310 1407 403 1480; x_wconf 90' lang='lat' dir='ltr'><strong>mihi</strong></span> <span class='ocrx_word' id='word_1_90' title='bbox 425 1420 479 1485; x_wconf 86' lang='lat' dir='ltr'><strong>est</strong></span> <span class='ocrx_word' id='word_1_91' title='bbox 499 1407 546 1480; x_wconf 85' lang='lat' dir='ltr'><strong>ob</strong></span> <span class='ocrx_word' id='word_1_92' title='bbox 563 1409 731 1481; x_wconf 85' lang='lat' dir='ltr'><strong>eamdem</strong></span> <span class='ocrx_word' id='word_1_93' title='bbox 754 1410 951 1494; x_wconf 86' lang='lat' dir='ltr'><strong>rationem,</strong></span> <span class='ocrx_word' id='word_1_94' title='bbox 969 1433 1053 1508; x_wconf 88' lang='lat' dir='ltr'><strong>quae</strong></span> <span class='ocrx_word' id='word_1_95' title='bbox 1080 1407 1237 1481; x_wconf 83' lang='lat' dir='ltr'><strong>adducta</strong></span> <span class='ocrx_word' id='word_1_96' title='bbox 1267 1420 1322 1480; x_wconf 86' lang='lat' dir='ltr'><strong>est</strong></span> <span class='ocrx_word' id='word_1_97' title='bbox 1346 1411 1385 1480; x_wconf 88' lang='lat' dir='ltr'><strong>in</strong></span> 
     </span>
     <span class='ocr_line' id='line_1_13' title="bbox 340 1504 1387 1588; baseline -0.002 -9"><span class='ocrx_word' id='word_1_98' title='bbox 340 1505 531 1580; x_wconf 74' lang='lat' dir='ltr'><strong>recedenti</strong></span> <span class='ocrx_word' id='word_1_99' title='bbox 548 1505 671 1581; x_wconf 89' lang='lat' dir='ltr'><strong>Dubio</strong></span> <span class='ocrx_word' id='word_1_100' title='bbox 684 1535 693 1588; x_wconf 83' lang='lat'>;</span> <span class='ocrx_word' id='word_1_101' title='bbox 708 1509 738 1581; x_wconf 89' lang='lat' dir='ltr'><strong>si</strong></span> <span class='ocrx_word' id='word_1_102' title='bbox 753 1508 849 1580; x_wconf 90' lang='lat' dir='ltr'><strong>enim</strong></span> <span class='ocrx_word' id='word_1_103' title='bbox 871 1505 969 1580; x_wconf 72' lang='lat' dir='ltr'><strong>licite</strong></span> <span class='ocrx_word' id='word_1_104' title='bbox 982 1504 1118 1578; x_wconf 88' lang='lat' dir='ltr'><strong>absolvi</strong></span> <span class='ocrx_word' id='word_1_105' title='bbox 1161 1522 1253 1578; x_wconf 86' lang='lat' dir='ltr'><strong>otest</strong></span> <span class='ocrx_word' id='word_1_106' title='bbox 1266 1522 1303 1578; x_wconf 90' lang='lat' dir='ltr'><strong>et</strong></span> <span class='ocrx_word' id='word_1_107' title='bbox 1319 1504 1387 1577; x_wconf 86' lang='lat' dir='ltr'><strong>de-</strong></span> 
     </span>
     <span class='ocr_line' id='line_1_14' title="bbox 306 1533 1388 1702; baseline -0.001 -24"><span class='ocrx_word' id='word_1_108' title='bbox 306 1533 374 1678; x_wconf 59' lang='lat' dir='ltr'><strong>iet</strong></span> <span class='ocrx_word' id='word_1_109' title='bbox 392 1620 546 1702; x_wconf 76' lang='lat' dir='ltr'><strong>egrotus</strong></span> <span class='ocrx_word' id='word_1_110' title='bbox 564 1606 732 1685; x_wconf 70' lang='lat' dir='ltr'><strong>sensibus</strong></span> <span class='ocrx_word' id='word_1_111' title='bbox 756 1606 975 1692; x_wconf 82' lang='lat' dir='ltr'><strong>destitutus,</strong></span> <span class='ocrx_word' id='word_1_112' title='bbox 1002 1606 1065 1701; x_wconf 89' lang='lat' dir='ltr'><strong>qui</strong></span> <span class='ocrx_word' id='word_1_113' title='bbox 1081 1535 1228 1677; x_wconf 81' lang='lat' dir='ltr'><strong>nuiium</strong></span> <span class='ocrx_word' id='word_1_114' title='bbox 1246 1603 1388 1677; x_wconf 81' lang='lat' dir='ltr'><strong>dederit</strong></span> 
     </span>
     <span class='ocr_line' id='line_1_15' title="bbox 307 1701 1386 1803; baseline -0.002 -26"><span class='ocrx_word' id='word_1_115' title='bbox 307 1703 536 1802; x_wconf 79' lang='lat' dir='ltr'><strong>prenitentiae</strong></span> <span class='ocrx_word' id='word_1_116' title='bbox 557 1706 702 1800; x_wconf 81' lang='lat' dir='ltr'><strong>signum</strong></span> <span class='ocrx_word' id='word_1_117' title='bbox 715 1706 771 1792; x_wconf 69' lang='lat' dir='ltr'><strong>„si</strong></span> <span class='ocrx_word' id='word_1_118' title='bbox 790 1701 988 1777; x_wconf 68' lang='lat' dir='ltr'><strong>christiane</strong></span> <span class='ocrx_word' id='word_1_119' title='bbox 1005 1705 1150 1791; x_wconf 81' lang='lat' dir='ltr'><strong>vixerit,</strong></span> <span class='ocrx_word' id='word_1_120' title='bbox 1163 1729 1207 1776; x_wconf 90' lang='lat' dir='ltr'><strong>eo</strong></span> <span class='ocrx_word' id='word_1_121' title='bbox 1226 1704 1326 1803; x_wconf 88' lang='lat' dir='ltr'><strong>quod</strong></span> <span class='ocrx_word' id='word_1_122' title='bbox 1340 1701 1386 1775; x_wconf 86' lang='lat' dir='ltr'><strong>de</strong></span> 
     </span>
     <span class='ocr_line' id='line_1_16' title="bbox 308 1800 1385 1901; baseline 0.001 -27"><span class='ocrx_word' id='word_1_123' title='bbox 308 1803 389 1900; x_wconf 90' lang='lat' dir='ltr'><strong>ipso</strong></span> <span class='ocrx_word' id='word_1_124' title='bbox 416 1801 618 1901; x_wconf 86' lang='lat' dir='ltr'><strong>prudenter</strong></span> <span class='ocrx_word' id='word_1_125' title='bbox 675 1805 819 1875; x_wconf 85' lang='lat' dir='ltr'><strong>raesumi</strong></span> <span class='ocrx_word' id='word_1_126' title='bbox 855 1805 991 1900; x_wconf 79' lang='lat' dir='ltr'><strong>possit,</strong></span> <span class='ocrx_word' id='word_1_127' title='bbox 1024 1800 1126 1900; x_wconf 87' lang='lat' dir='ltr'><strong>quod</strong></span> <span class='ocrx_word' id='word_1_128' title='bbox 1157 1802 1194 1874; x_wconf 88' lang='lat' dir='ltr'><strong>in</strong></span> <span class='ocrx_word' id='word_1_129' title='bbox 1224 1816 1385 1875; x_wconf 82' lang='lat' dir='ltr'><strong>extremo</strong></span> 
     </span>
     <span class='ocr_line' id='line_1_17' title="bbox 308 1831 1389 1998; baseline 0 -27"><span class='ocrx_word' id='word_1_130' title='bbox 308 1902 414 1987; x_wconf 70' lang='lat' dir='ltr'><strong>ritae,</strong></span> <span class='ocrx_word' id='word_1_131' title='bbox 436 1901 466 1970; x_wconf 89' lang='lat' dir='ltr'><strong>si</strong></span> <span class='ocrx_word' id='word_1_132' title='bbox 480 1899 631 1998; x_wconf 73' lang='lat' dir='ltr'><strong>aliquod</strong></span> <span class='ocrx_word' id='word_1_133' title='bbox 647 1831 813 1972; x_wconf 77' lang='lat' dir='ltr'><strong>incidum</strong></span> <span class='ocrx_word' id='word_1_134' title='bbox 832 1897 1061 1973; x_wconf 86' lang='lat' dir='ltr'><strong>intervallum</strong></span> <span class='ocrx_word' id='word_1_135' title='bbox 1079 1898 1190 1972; x_wconf 84' lang='lat' dir='ltr'><strong>hebet</strong></span> <span class='ocrx_word' id='word_1_136' title='bbox 1203 1956 1213 1983; x_wconf 86' lang='lat'><strong>‚</strong></span> <span class='ocrx_word' id='word_1_137' title='bbox 1227 1899 1316 1972; x_wconf 80' lang='lat' dir='ltr'><strong>velit</strong></span> <span class='ocrx_word' id='word_1_138' title='bbox 1329 1899 1389 1971; x_wconf 67' lang='lat' dir='ltr'><strong>ab</strong></span> 
     </span>
     <span class='ocr_line' id='line_1_18' title="bbox 235 1995 1390 2097; baseline 0.001 -27"><span class='ocrx_word' id='word_1_139' title='bbox 235 2000 241 2012; x_wconf 85' lang='lat'>&#39;</span> <span class='ocrx_word' id='word_1_140' title='bbox 307 2001 366 2070; x_wconf 75' lang='lat' dir='ltr'><strong>ui</strong></span> <span class='ocrx_word' id='word_1_141' title='bbox 372 2000 535 2072; x_wconf 77' lang='lat' dir='ltr'><strong>ationem</strong></span> <span class='ocrx_word' id='word_1_142' title='bbox 547 1995 850 2071; x_wconf 78' lang='lat' dir='ltr'><strong>sacramentalem</strong></span> <span class='ocrx_word' id='word_1_143' title='bbox 867 2000 1029 2096; x_wconf 84' lang='lat' dir='ltr'><strong>recipere</strong></span> <span class='ocrx_word' id='word_1_144' title='bbox 1044 2025 1053 2084; x_wconf 90' lang='lat'><strong>;</strong></span> <span class='ocrx_word' id='word_1_145' title='bbox 1077 1998 1129 2070; x_wconf 88' lang='lat' dir='ltr'><strong>sic</strong></span> <span class='ocrx_word' id='word_1_146' title='bbox 1149 1999 1259 2071; x_wconf 71' lang='lat' dir='ltr'><strong>etiem</strong></span> <span class='ocrx_word' id='word_1_147' title='bbox 1273 2013 1390 2097; x_wconf 81' lang='lat' dir='ltr'><strong>potest</strong></span> 
     </span>
     <span class='ocr_line' id='line_1_19' title="bbox 311 2093 1391 2195; baseline 0 -27"><span class='ocrx_word' id='word_1_148' title='bbox 311 2111 349 2168; x_wconf 83' lang='lat' dir='ltr'><strong>et</strong></span> <span class='ocrx_word' id='word_1_149' title='bbox 375 2094 485 2168; x_wconf 88' lang='lat' dir='ltr'><strong>dehet</strong></span> <span class='ocrx_word' id='word_1_150' title='bbox 514 2093 651 2171; x_wconf 82' lang='lat' dir='ltr'><strong>absolvi</strong></span> <span class='ocrx_word' id='word_1_151' title='bbox 675 2097 690 2191; x_wconf 86' lang='lat'>(</span> <span class='ocrx_word' id='word_1_152' title='bbox 698 2095 863 2194; x_wconf 80' lang='lat' dir='ltr'><strong>intellige</strong></span> <span class='ocrx_word' id='word_1_153' title='bbox 889 2121 1035 2195; x_wconf 87' lang='lat' dir='ltr'><strong>semper</strong></span> <span class='ocrx_word' id='word_1_154' title='bbox 1061 2093 1131 2168; x_wconf 87' lang='lat' dir='ltr'><strong>sub</strong></span> <span class='ocrx_word' id='word_1_155' title='bbox 1156 2096 1391 2191; x_wconf 79' lang='lat' dir='ltr'><strong>conditione)</strong></span> 
     </span>
     <span class='ocr_line' id='line_1_20' title="bbox 307 2192 1389 2310; baseline 0.002 -45"><span class='ocrx_word' id='word_1_156' title='bbox 307 2194 425 2267; x_wconf 59' lang='lat' dir='ltr'><strong>»homo</strong></span> <span class='ocrx_word' id='word_1_157' title='bbox 446 2192 672 2280; x_wconf 82' lang='lat' dir='ltr'><strong>catholicus,</strong></span> <span class='ocrx_word' id='word_1_158' title='bbox 691 2198 830 2266; x_wconf 78' lang='lat' dir='ltr'><strong>etiarnsi</strong></span> <span class='ocrx_word' id='word_1_159' title='bbox 855 2195 891 2265; x_wconf 87' lang='lat' dir='ltr'><strong>in</strong></span> <span class='ocrx_word' id='word_1_160' title='bbox 908 2193 1042 2279; x_wconf 81' lang='lat' dir='ltr'><strong>actuali</strong></span> <span class='ocrx_word' id='word_1_161' title='bbox 1058 2210 1209 2310; x_wconf 84' lang='lat' dir='ltr'><strong>peccato</strong></span> <span class='ocrx_word' id='word_1_162' title='bbox 1223 2192 1389 2281; x_wconf 77' lang='lat' dir='ltr'><strong>sensibus</strong></span> 
     </span>
     <span class='ocr_line' id='line_1_21' title="bbox 305 2290 1392 2392; baseline 0.001 -28"><span class='ocrx_word' id='word_1_163' title='bbox 305 2290 550 2383; x_wconf 76' lang='lat' dir='ltr'><strong>destituatur3</strong></span> <span class='ocrx_word' id='word_1_164' title='bbox 570 2317 637 2392; x_wconf 91' lang='lat' dir='ltr'><strong>pro</strong></span> <span class='ocrx_word' id='word_1_165' title='bbox 652 2290 725 2366; x_wconf 87' lang='lat' dir='ltr'><strong>hoo</strong></span> <span class='ocrx_word' id='word_1_166' title='bbox 743 2294 841 2365; x_wconf 88' lang='lat' dir='ltr'><strong>enim</strong></span> <span class='ocrx_word' id='word_1_167' title='bbox 855 2295 967 2374; x_wconf 71' lang='lat' dir='ltr'><strong>¹etiam</strong></span> <span class='ocrx_word' id='word_1_168' title='bbox 985 2290 1115 2367; x_wconf 71' lang='lat' dir='ltr'><strong>merito</strong></span> <span class='ocrx_word' id='word_1_169' title='bbox 1135 2295 1306 2392; x_wconf 81' lang='lat' dir='ltr'><strong>praesumi</strong></span> <span class='ocrx_word' id='word_1_170' title='bbox 1319 2319 1392 2392; x_wconf 91' lang='lat' dir='ltr'><strong>po·</strong></span> 
     </span>
     <span class='ocr_line' id='line_1_22' title="bbox 305 2389 1391 2490; baseline -0.002 -25"><span class='ocrx_word' id='word_1_171' title='bbox 305 2405 402 2476; x_wconf 85' lang='lat' dir='ltr'><strong>test,</strong></span> <span class='ocrx_word' id='word_1_172' title='bbox 425 2390 526 2489; x_wconf 91' lang='lat' dir='ltr'><strong>quod</strong></span> <span class='ocrx_word' id='word_1_173' title='bbox 539 2392 616 2490; x_wconf 87' lang='lat' dir='ltr'><strong>ipse</strong></span> <span class='ocrx_word' id='word_1_174' title='bbox 634 2391 674 2463; x_wconf 93' lang='lat' dir='ltr'><strong>in</strong></span> <span class='ocrx_word' id='word_1_175' title='bbox 695 2392 861 2489; x_wconf 83' lang='lat' dir='ltr'><strong>proximo</strong></span> <span class='ocrx_word' id='word_1_176' title='bbox 876 2389 1041 2488; x_wconf 86' lang='lat' dir='ltr'><strong>periculo</strong></span> <span class='ocrx_word' id='word_1_177' title='bbox 1055 2417 1129 2479; x_wconf 77' lang='lat' dir='ltr'><strong>suae</strong></span> <span class='ocrx_word' id='word_1_178' title='bbox 1145 2390 1391 2464; x_wconf 86' lang='lat' dir='ltr'><strong>damnationis</strong></span> 
     </span>
     <span class='ocr_line' id='line_1_23' title="bbox 302 2487 1392 2590; baseline -0.005 -23"><span class='ocrx_word' id='word_1_179' title='bbox 302 2491 534 2567; x_wconf 71' lang='lat' dir='ltr'><strong>consumtus</strong></span> <span class='ocrx_word' id='word_1_180' title='bbox 552 2490 678 2590; x_wconf 90' lang='lat' dir='ltr'><strong>cupiat</strong></span> <span class='ocrx_word' id='word_1_181' title='bbox 695 2492 796 2562; x_wconf 90' lang='lat' dir='ltr'><strong>omni</strong></span> <span class='ocrx_word' id='word_1_182' title='bbox 815 2489 924 2563; x_wconf 87' lang='lat' dir='ltr'><strong>modo</strong></span> <span class='ocrx_word' id='word_1_183' title='bbox 939 2514 1012 2562; x_wconf 76' lang='lat' dir='ltr'><strong>sure</strong></span> <span class='ocrx_word' id='word_1_184' title='bbox 1028 2503 1170 2563; x_wconf 82' lang='lat' dir='ltr'><strong>reternae</strong></span> <span class='ocrx_word' id='word_1_185' title='bbox 1183 2487 1291 2561; x_wconf 86' lang='lat' dir='ltr'><strong>saluti</strong></span> <span class='ocrx_word' id='word_1_186' title='bbox 1305 2515 1392 2564; x_wconf 88' lang='lat' dir='ltr'><strong>cou-</strong></span> 
     </span>
     <span class='ocr_line' id='line_1_24' title="bbox 311 2586 1391 2669; baseline 0 -9"><span class='ocrx_word' id='word_1_187' title='bbox 311 2586 443 2661; x_wconf 87' lang='lat' dir='ltr'><strong>sulere.</strong></span> <span class='ocrx_word' id='word_1_188' title='bbox 462 2588 543 2661; x_wconf 82' lang='lat' dir='ltr'><strong>Dixi</strong></span> <span class='ocrx_word' id='word_1_189' title='bbox 557 2586 665 2660; x_wconf 82' lang='lat' dir='ltr'><strong>homo</strong></span> <span class='ocrx_word' id='word_1_190' title='bbox 680 2586 893 2669; x_wconf 54' lang='lat' dir='ltr'><strong>catharrum</strong></span> <span class='ocrx_word' id='word_1_191' title='bbox 907 2615 992 2660; x_wconf 88' lang='lat' dir='ltr'><strong>narn</strong></span> <span class='ocrx_word' id='word_1_192' title='bbox 1010 2586 1114 2660; x_wconf 79' lang='lat' dir='ltr'><strong>seeira</strong></span> <span class='ocrx_word' id='word_1_193' title='bbox 1125 2588 1328 2661; x_wconf 82' lang='lat' dir='ltr'><strong>dicendum</strong></span> <span class='ocrx_word' id='word_1_194' title='bbox 1342 2587 1391 2660; x_wconf 88' lang='lat' dir='ltr'><strong>de</strong></span> 
     </span>
     <span class='ocr_line' id='line_1_25' title="bbox 312 2682 1393 2783; baseline -0.001 -24"><span class='ocrx_word' id='word_1_195' title='bbox 312 2682 506 2775; x_wconf 73' lang='lat' dir='ltr'><strong>hererico,</strong></span> <span class='ocrx_word' id='word_1_196' title='bbox 527 2700 568 2758; x_wconf 90' lang='lat' dir='ltr'><strong>ut</strong></span> <span class='ocrx_word' id='word_1_197' title='bbox 587 2686 684 2761; x_wconf 70' lang='lat' dir='ltr'><strong>recte</strong></span> <span class='ocrx_word' id='word_1_198' title='bbox 711 2684 866 2760; x_wconf 82' lang='lat' dir='ltr'><strong>advertit</strong></span> <span class='ocrx_word' id='word_1_199' title='bbox 891 2685 1034 2761; x_wconf 88' lang='lat' dir='ltr'><strong>Holzm.</strong></span> <span class='ocrx_word' id='word_1_200' title='bbox 1057 2711 1098 2759; x_wconf 89' lang='lat' dir='ltr'><strong>n.</strong></span> <span class='ocrx_word' id='word_1_201' title='bbox 1117 2687 1201 2783; x_wconf 67' lang='lat'><strong>594.</strong></span> <span class='ocrx_word' id='word_1_202' title='bbox 1219 2686 1393 2759; x_wconf 75' lang='lat' dir='ltr'><strong>Haeretici</strong></span> 
     </span>
     <span class='ocr_line' id='line_1_26' title="bbox 311 2780 1395 2884; baseline -0.001 -27"><span class='ocrx_word' id='word_1_203' title='bbox 311 2786 437 2869; x_wconf 88' lang='lat' dir='ltr'><strong>enim,</strong></span> <span class='ocrx_word' id='word_1_204' title='bbox 458 2780 603 2857; x_wconf 77' lang='lat' dir='ltr'><strong>etiamsi</strong></span> <span class='ocrx_word' id='word_1_205' title='bbox 614 2784 652 2859; x_wconf 89' lang='lat' dir='ltr'><strong>in</strong></span> <span class='ocrx_word' id='word_1_206' title='bbox 670 2811 714 2857; x_wconf 90' lang='lat' dir='ltr'><strong>eo</strong></span> <span class='ocrx_word' id='word_1_207' title='bbox 732 2809 816 2857; x_wconf 88' lang='lat' dir='ltr'><strong>casn</strong></span> <span class='ocrx_word' id='word_1_208' title='bbox 839 2783 928 2857; x_wconf 81' lang='lat' dir='ltr'><strong>dent</strong></span> <span class='ocrx_word' id='word_1_209' title='bbox 941 2785 970 2856; x_wconf 91' lang='lat' dir='ltr'><strong>si</strong></span> <span class='ocrx_word' id='word_1_210' title='bbox 999 2810 1043 2857; x_wconf 90' lang='lat' dir='ltr'><strong>na</strong></span> <span class='ocrx_word' id='word_1_211' title='bbox 1057 2785 1301 2884; x_wconf 83' lang='lat' dir='ltr'><strong>poenitentiae,</strong></span> <span class='ocrx_word' id='word_1_212' title='bbox 1316 2810 1395 2856; x_wconf 88' lang='lat' dir='ltr'><strong>non</strong></span> 
     </span>
     <span class='ocr_line' id='line_1_27' title="bbox 313 2811 1395 2982; baseline -0.003 -26"><span class='ocrx_word' id='word_1_213' title='bbox 313 2882 450 2956; x_wconf 82' lang='lat' dir='ltr'><strong>debent</strong></span> <span class='ocrx_word' id='word_1_214' title='bbox 480 2881 643 2971; x_wconf 81' lang='lat' dir='ltr'><strong>absolvi,</strong></span> <span class='ocrx_word' id='word_1_215' title='bbox 672 2885 741 2955; x_wconf 89' lang='lat' dir='ltr'><strong>nisi</strong></span> <span class='ocrx_word' id='word_1_216' title='bbox 763 2883 930 2981; x_wconf 75' lang='lat' dir='ltr'><strong>expresse</strong></span> <span class='ocrx_word' id='word_1_217' title='bbox 950 2811 1217 2956; x_wconf 58' lang='lat' dir='ltr'><strong>aisolutioneru</strong></span> <span class='ocrx_word' id='word_1_218' title='bbox 1237 2894 1395 2982; x_wconf 83' lang='lat' dir='ltr'><strong>petant,</strong></span> 
     </span>
     <span class='ocr_line' id='line_1_28' title="bbox 308 2979 1395 3105; baseline 0.001 -53"><span class='ocrx_word' id='word_1_219' title='bbox 308 2983 400 3080; x_wconf 76' lang='lat' dir='ltr'><strong>quin</strong></span> <span class='ocrx_word' id='word_1_220' title='bbox 412 2979 500 3053; x_wconf 83' lang='lat' dir='ltr'><strong>talea</strong></span> <span class='ocrx_word' id='word_1_221' title='bbox 514 2985 719 3079; x_wconf 73' lang='lat' dir='ltr'><strong>numquam</strong></span> <span class='ocrx_word' id='word_1_222' title='bbox 734 2983 904 3079; x_wconf 77' lang='lat' dir='ltr'><strong>praesumi</strong></span> <span class='ocrx_word' id='word_1_223' title='bbox 921 2979 1040 3053; x_wconf 78' lang='lat' dir='ltr'><strong>valent</strong></span> <span class='ocrx_word' id='word_1_224' title='bbox 1053 3008 1095 3054; x_wconf 87' lang='lat' dir='ltr'><strong>ea</strong></span> <span class='ocrx_word' id='word_1_225' title='bbox 1112 2983 1212 3079; x_wconf 81' lang='lat' dir='ltr'><strong>signa</strong></span> <span class='ocrx_word' id='word_1_226' title='bbox 1228 2979 1395 3105; x_wconf 79' lang='lat' dir='ltr'><strong>praebere</strong></span> 
     </span>
     <span class='ocr_line' id='line_1_29' title="bbox 313 3076 1396 3181; baseline 0.001 -28"><span class='ocrx_word' id='word_1_227' title='bbox 313 3081 352 3153; x_wconf 85' lang='lat' dir='ltr'><strong>iu</strong></span> <span class='ocrx_word' id='word_1_228' title='bbox 373 3076 501 3152; x_wconf 89' lang='lat' dir='ltr'><strong>ordine</strong></span> <span class='ocrx_word' id='word_1_229' title='bbox 516 3077 565 3151; x_wconf 89' lang='lat' dir='ltr'><strong>ad</strong></span> <span class='ocrx_word' id='word_1_230' title='bbox 575 3077 850 3153; x_wconf 73' lang='lat' dir='ltr'><strong>confessionem</strong></span> <span class='ocrx_word' id='word_1_231' title='bbox 862 3086 907 3169; x_wconf 76' lang='lat' dir='ltr'><strong>‚a</strong></span> <span class='ocrx_word' id='word_1_232' title='bbox 924 3105 998 3181; x_wconf 86' lang='lat' dir='ltr'><strong>qua</strong></span> <span class='ocrx_word' id='word_1_233' title='bbox 1010 3106 1246 3180; x_wconf 87' lang='lat' dir='ltr'><strong>summopere</strong></span> <span class='ocrx_word' id='word_1_234' title='bbox 1259 3078 1396 3154; x_wconf 87' lang='lat' dir='ltr'><strong>abhor-</strong></span> 
     </span>
     <span class='ocr_line' id='line_1_30' title="bbox 312 3188 407 3250; baseline -0.042 0"><span class='ocrx_word' id='word_1_235' title='bbox 312 3188 407 3250; x_wconf 86' lang='lat' dir='ltr'><strong>rent.</strong></span> 
     </span>
    </p>

    <p class='ocr_par' dir='ltr' id='par_1_3' title="bbox 368 3272 1394 3376">
     <span class='ocr_line' id='line_1_31' title="bbox 368 3272 1394 3376; baseline 0.004 -32"><span class='ocrx_word' id='word_1_236' title='bbox 368 3306 385 3342; x_wconf 76' lang='lat' dir='ltr'><strong>r</strong></span> <span class='ocrx_word' id='word_1_237' title='bbox 410 3273 588 3359; x_wconf 83' lang='lat' dir='ltr'><strong>Secunda.</strong></span> <span class='ocrx_word' id='word_1_238' title='bbox 604 3272 763 3368; x_wconf 76' lang='lat' dir='ltr'><strong>Quando</strong></span> <span class='ocrx_word' id='word_1_239' title='bbox 775 3274 835 3348; x_wconf 85' lang='lat' dir='ltr'><strong>rel</strong></span> <span class='ocrx_word' id='word_1_240' title='bbox 852 3277 1067 3376; x_wconf 82' lang='lat' dir='ltr'><strong>poenitenti,</strong></span> <span class='ocrx_word' id='word_1_241' title='bbox 1087 3276 1145 3350; x_wconf 86' lang='lat' dir='ltr'><strong>rel</strong></span> <span class='ocrx_word' id='word_1_242' title='bbox 1162 3275 1394 3351; x_wconf 78' lang='lat' dir='ltr'><strong>confessario</strong></span> 
     </span>
    </p>

    <p class='ocr_par' dir='ltr' id='par_1_4' title="bbox 258 3359 1397 3770">
     <span class='ocr_line' id='line_1_32' title="bbox 258 3359 1395 3475; baseline 0.006 -35"><span class='ocrx_word' id='word_1_243' title='bbox 258 3359 333 3441; x_wconf 67' lang='lat'><strong>4⁸⁴»</strong></span> <span class='ocrx_word' id='word_1_244' title='bbox 362 3372 530 3446; x_wconf 86' lang='lat' dir='ltr'><strong>imminet</strong></span> <span class='ocrx_word' id='word_1_245' title='bbox 547 3373 755 3474; x_wconf 88' lang='lat' dir='ltr'><strong>periculum</strong></span> <span class='ocrx_word' id='word_1_246' title='bbox 773 3375 854 3447; x_wconf 84' lang='lat' dir='ltr'><strong>ritae</strong></span> <span class='ocrx_word' id='word_1_247' title='bbox 873 3431 881 3459; x_wconf 84' lang='grc'>,</span> <span class='ocrx_word' id='word_1_248' title='bbox 904 3374 1011 3475; x_wconf 86' lang='lat' dir='ltr'><strong>quod</strong></span> <span class='ocrx_word' id='word_1_249' title='bbox 1029 3401 1098 3448; x_wconf 88' lang='lat' dir='ltr'><strong>neo</strong></span> <span class='ocrx_word' id='word_1_250' title='bbox 1125 3375 1234 3447; x_wconf 87' lang='lat' dir='ltr'><strong>illum</strong></span> <span class='ocrx_word' id='word_1_251' title='bbox 1250 3373 1395 3471; x_wconf 73' lang='lat' dir='ltr'><strong>integre</strong></span> 
     </span>
     <span class='ocr_line' id='line_1_33' title="bbox 319 3470 1397 3574; baseline 0.003 -32"><span class='ocrx_word' id='word_1_252' title='bbox 319 3501 338 3542; x_wconf 82' lang='lat' dir='ltr'><strong>r</strong></span> <span class='ocrx_word' id='word_1_253' title='bbox 365 3472 554 3562; x_wconf 80' lang='lat' dir='ltr'><strong>confiteri,</strong></span> <span class='ocrx_word' id='word_1_254' title='bbox 573 3500 642 3559; x_wconf 74' lang='lat' dir='ltr'><strong>neo</strong></span> <span class='ocrx_word' id='word_1_255' title='bbox 664 3474 765 3544; x_wconf 86' lang='lat' dir='ltr'><strong>hunc</strong></span> <span class='ocrx_word' id='word_1_256' title='bbox 789 3470 916 3547; x_wconf 85' lang='lat' dir='ltr'><strong>audire</strong></span> <span class='ocrx_word' id='word_1_257' title='bbox 936 3472 1120 3574; x_wconf 76' lang='lat' dir='ltr'><strong>patiatur,</strong></span> <span class='ocrx_word' id='word_1_258' title='bbox 1142 3471 1278 3546; x_wconf 83' lang='lat' dir='ltr'><strong>sufficit</strong></span> <span class='ocrx_word' id='word_1_259' title='bbox 1295 3474 1397 3565; x_wconf 83' lang='lat' dir='ltr'><strong>inte·</strong></span> 
     </span>
     <span class='ocr_line' id='line_1_34' title="bbox 315 3570 1397 3673; baseline -0.002 -26"><span class='ocrx_word' id='word_1_260' title='bbox 315 3604 335 3647; x_wconf 76' lang='lat' dir='ltr'><strong>r</strong></span> <span class='ocrx_word' id='word_1_261' title='bbox 366 3573 473 3672; x_wconf 85' lang='lat' dir='ltr'><strong>gritas</strong></span> <span class='ocrx_word' id='word_1_262' title='bbox 489 3570 666 3646; x_wconf 80' lang='lat' dir='ltr'><strong>formalis.</strong></span> <span class='ocrx_word' id='word_1_263' title='bbox 681 3572 781 3645; x_wconf 87' lang='lat' dir='ltr'><strong>Ratio</strong></span> <span class='ocrx_word' id='word_1_264' title='bbox 799 3585 875 3657; x_wconf 86' lang='lat' dir='ltr'><strong>est,</strong></span> <span class='ocrx_word' id='word_1_265' title='bbox 894 3574 979 3673; x_wconf 86' lang='lat' dir='ltr'><strong>quia</strong></span> <span class='ocrx_word' id='word_1_266' title='bbox 995 3589 1087 3645; x_wconf 84' lang='lat' dir='ltr'><strong>tuno</strong></span> <span class='ocrx_word' id='word_1_267' title='bbox 1104 3570 1303 3645; x_wconf 85' lang='lat' dir='ltr'><strong>materialis</strong></span> <span class='ocrx_word' id='word_1_268' title='bbox 1318 3596 1397 3657; x_wconf 78' lang='lat' dir='ltr'><strong>non</strong></span> 
     </span>
     <span class='ocr_line' id='line_1_35' title="bbox 316 3669 1270 3770; baseline -0.002 -26"><span class='ocrx_word' id='word_1_269' title='bbox 316 3701 335 3737; x_wconf 79' lang='lat' dir='ltr'><strong>r</strong></span> <span class='ocrx_word' id='word_1_270' title='bbox 365 3685 421 3744; x_wconf 86' lang='lat' dir='ltr'><strong>est</strong></span> <span class='ocrx_word' id='word_1_271' title='bbox 437 3669 619 3769; x_wconf 89' lang='lat' dir='ltr'><strong>possibilis</strong></span> <span class='ocrx_word' id='word_1_272' title='bbox 633 3671 837 3761; x_wconf 78' lang='lat' dir='ltr'><strong>moraliter,</strong></span> <span class='ocrx_word' id='word_1_273' title='bbox 857 3671 958 3769; x_wconf 87' lang='lat' dir='ltr'><strong>quod</strong></span> <span class='ocrx_word' id='word_1_274' title='bbox 981 3670 1079 3755; x_wconf 72' lang='lat' dir='ltr'><strong>valet</strong></span> <span class='ocrx_word' id='word_1_275' title='bbox 1096 3696 1175 3770; x_wconf 87' lang='lat' dir='ltr'><strong>seq.</strong></span> <span class='ocrx_word' id='word_1_276' title='bbox 1196 3696 1270 3743; x_wconf 86' lang='lat' dir='ltr'><strong>eas.</strong></span> 
     </span>
    </p>

    <p class='ocr_par' dir='ltr' id='par_1_5' title="bbox 311 3766 1402 4041">
     <span class='ocr_line' id='line_1_36' title="bbox 365 3766 1400 3869; baseline 0.003 -34"><span class='ocrx_word' id='word_1_277' title='bbox 365 3801 382 3835; x_wconf 71' lang='lat' dir='ltr'><strong>s</strong></span> <span class='ocrx_word' id='word_1_278' title='bbox 422 3798 450 3843; x_wconf 90' lang='grc' dir='ltr'><strong>ι.</strong></span> <span class='ocrx_word' id='word_1_279' title='bbox 477 3770 514 3842; x_wconf 91' lang='lat' dir='ltr'><strong>Si</strong></span> <span class='ocrx_word' id='word_1_280' title='bbox 544 3771 753 3869; x_wconf 86' lang='lat' dir='ltr'><strong>poenitens,</strong></span> <span class='ocrx_word' id='word_1_281' title='bbox 780 3796 815 3842; x_wconf 82' lang='lat' dir='ltr'><strong>v.</strong></span> <span class='ocrx_word' id='word_1_282' title='bbox 839 3794 891 3869; x_wconf 83' lang='lat' dir='ltr'><strong>gr.</strong></span> <span class='ocrx_word' id='word_1_283' title='bbox 910 3770 1077 3843; x_wconf 88' lang='lat' dir='ltr'><strong>infirmus</strong></span> <span class='ocrx_word' id='word_1_284' title='bbox 1092 3825 1103 3857; x_wconf 82' lang='lat'>‚</span> <span class='ocrx_word' id='word_1_285' title='bbox 1116 3792 1216 3857; x_wconf 81' lang='lat' dir='ltr'><strong>une,</strong></span> <span class='ocrx_word' id='word_1_286' title='bbox 1234 3766 1400 3841; x_wconf 82' lang='lat' dir='ltr'><strong>alterove</strong></span> 
     </span>
     <span class='ocr_line' id='line_1_37' title="bbox 311 3863 1402 3968; baseline -0.001 -27"><span class='ocrx_word' id='word_1_287' title='bbox 311 3895 337 3941; x_wconf 75' lang='lat' dir='ltr'><strong>a&gt;</strong></span> <span class='ocrx_word' id='word_1_288' title='bbox 364 3884 514 3968; x_wconf 79' lang='lat' dir='ltr'><strong>peccato</strong></span> <span class='ocrx_word' id='word_1_289' title='bbox 543 3866 664 3957; x_wconf 82' lang='lat' dir='ltr'><strong>dioto,</strong></span> <span class='ocrx_word' id='word_1_290' title='bbox 691 3865 859 3956; x_wconf 82' lang='lat' dir='ltr'><strong>deficiat,</strong></span> <span class='ocrx_word' id='word_1_291' title='bbox 880 3869 939 3943; x_wconf 82' lang='lat' dir='ltr'><strong>rei</strong></span> <span class='ocrx_word' id='word_1_292' title='bbox 965 3871 1013 3944; x_wconf 87' lang='lat' dir='ltr'><strong>sit</strong></span> <span class='ocrx_word' id='word_1_293' title='bbox 1037 3892 1139 3968; x_wconf 81' lang='lat' dir='ltr'><strong>grave</strong></span> <span class='ocrx_word' id='word_1_294' title='bbox 1156 3863 1402 3967; x_wconf 73' lang='lat' dir='ltr'><strong>perieulum,</strong></span> 
     </span>
     <span class='ocr_line' id='line_1_38' title="bbox 316 3964 1120 4041; baseline -0.009 0"><span class='ocrx_word' id='word_1_295' title='bbox 316 3995 336 4041; x_wconf 81' lang='lat' dir='ltr'><strong>u</strong></span> <span class='ocrx_word' id='word_1_296' title='bbox 367 3993 412 4040; x_wconf 89' lang='lat' dir='ltr'><strong>ne</strong></span> <span class='ocrx_word' id='word_1_297' title='bbox 431 3964 586 4038; x_wconf 82' lang='lat' dir='ltr'><strong>deficiat.</strong></span> <span class='ocrx_word' id='word_1_298' title='bbox 1117 3990 1120 3995; x_wconf 55' lang='lat'><strong>⁴</strong></span> 
     </span>
    </p>

    <p class='ocr_par' dir='ltr' id='par_1_6' title="bbox 315 4062 1406 4271">
     <span class='ocr_line' id='line_1_39' title="bbox 368 4062 1404 4154; baseline -0.002 -16"><span class='ocrx_word' id='word_1_299' title='bbox 368 4096 383 4128; x_wconf 83' lang='lat' dir='ltr'><strong>r</strong></span> <span class='ocrx_word' id='word_1_300' title='bbox 416 4090 449 4138; x_wconf 84' lang='lat' dir='ltr'><strong>a.</strong></span> <span class='ocrx_word' id='word_1_301' title='bbox 476 4065 511 4137; x_wconf 80' lang='lat' dir='ltr'><strong>st</strong></span> <span class='ocrx_word' id='word_1_302' title='bbox 541 4064 708 4139; x_wconf 87' lang='lat' dir='ltr'><strong>infirmus</strong></span> <span class='ocrx_word' id='word_1_303' title='bbox 738 4063 865 4140; x_wconf 82' lang='lat' dir='ltr'><strong>rolens</strong></span> <span class='ocrx_word' id='word_1_304' title='bbox 892 4065 1084 4154; x_wconf 68' lang='lat' dir='ltr'><strong>confite-it,</strong></span> <span class='ocrx_word' id='word_1_305' title='bbox 1106 4062 1197 4139; x_wconf 88' lang='lat' dir='ltr'><strong>dum</strong></span> <span class='ocrx_word' id='word_1_306' title='bbox 1225 4064 1404 4154; x_wconf 62' lang='lat' dir='ltr'><strong>sidentur</strong></span> 
     </span>
     <span class='ocr_line' id='line_1_40' title="bbox 315 4161 1406 4271; baseline 0.009 -38"><span class='ocrx_word' id='word_1_307' title='bbox 315 4189 338 4233; x_wconf 72' lang='lat' dir='ltr'><strong>u</strong></span> <span class='ocrx_word' id='word_1_308' title='bbox 364 4161 574 4271; x_wconf 72' lang='lat' dir='ltr'><strong>Viatieum,</strong></span> <span class='ocrx_word' id='word_1_309' title='bbox 598 4161 896 4264; x_wconf 74' lang='lat' dir='ltr'><strong>deprehendetur</strong></span> <span class='ocrx_word' id='word_1_310' title='bbox 914 4164 1047 4238; x_wconf 84' lang='lat' dir='ltr'><strong>multas</strong></span> <span class='ocrx_word' id='word_1_311' title='bbox 1070 4164 1331 4242; x_wconf 81' lang='lat' dir='ltr'><strong>Confessioues</strong></span> <span class='ocrx_word' id='word_1_312' title='bbox 1348 4161 1406 4243; x_wconf 78' lang='lat' dir='ltr'><strong>fe·</strong></span> 
     </span>
    </p>
   </div>
   <div class='ocr_carea' id='block_1_3' title="bbox 0 0 1471 4684">
    <p class='ocr_par' dir='ltr' id='par_1_7' title="bbox 0 0 1471 4684">
     <span class='ocr_line' id='line_1_41' title="bbox 0 0 1471 4684; baseline 0 0"><span class='ocrx_word' id='word_1_313' title='bbox 0 0 1471 4684; x_wconf 95' lang='lat' dir='ltr'><strong> </strong></span> 
     </span>
    </p>
   </div>
  </div>
 </body>
</html>
