2884 4684
242 208 304 278 146
351 237 354 246 ·
418 189 423 199 ¹
457 193 731 276 truttmunt
746 193 805 272 ΙΙΙ.
821 195 1097 273 Betuctelum.
1207 203 1220 214 ⁵

239 319 376 395 fertur:
392 317 670 392 immolationem
685 373 695 403 ‚
710 318 750 390 iu
771 318 843 418 qut
861 315 1015 390 offertur
1029 313 1183 419 aliquod
1197 314 1319 392 inani·

238 444 317 506 me,
331 415 395 492 sed
415 415 573 500 solidum
585 444 593 488 :
604 417 643 487 in
653 413 826 488 libamen
838 470 848 503 ‚
860 415 901 488 in
911 439 986 514 quo
999 416 1151 489 offertur
1164 413 1317 516 aliquod

239 513 436 618 liquidum.
453 516 510 589 Ex
526 528 628 614 parte
647 515 788 586 Ferme
804 511 1041 612 distinguitur
1056 514 1094 587 iu
1112 512 1316 587 Holocaus-

235 632 334 705 tum‚
354 617 392 687 in
435 638 484 686 uo
499 627 641 701 totum,
658 610 763 713 quod
778 610 949 703 offertur,
962 636 1028 726 per
1043 613 1166 712 iguem
1180 636 1316 714 consu·

237 716 374 788 mitur:
390 641 557 785 dassen
567 737 634 808 pro
644 723 803 810 peceato,
813 710 853 784 iu
869 715 943 811 qul
960 707 1011 797 td,
1032 710 1133 812 quud
1148 708 1314 800 offertur,

235 819 369 911 purtim
397 810 628 883 consumitur
674 834 715 883 er
738 809 883 907 ignem,
907 809 1041 907 partim
1059 808 1315 908 perSacerdo·

232 923 311 982 tem
336 938 345 981 ε
367 907 534 980 Hostiam
557 835 771 1005 mordeant,
798 907 836 979 in
856 912 929 1007 qus
944 907 1002 994 id,
1019 906 1122 1007 quod
1141 906 1313 1000 offertur,

233 1008 368 1109 panim
382 1006 610 1079 consumitur
621 1005 841 1105 perignem,
852 1007 985 1105 purtim
995 1027 1061 1103 per
1072 1004 1312 1097 sacerdotem,

235 1108 368 1206 purtim
393 1129 459 1205 per
486 1102 615 1191 illum,
642 1103 706 1204 qui
726 1102 921 1184 donacttx
939 1117 1042 1203 parte
1062 1102 1165 1190 nnn
1180 1102 1313 1178 distin·

233 1204 358 1300 guitur
376 1203 415 1276 iu
441 1200 674 1274 Latreuticnm
691 1259 701 1292 ,
720 1200 823 1303 quod
842 1199 994 1275 offertur
1011 1199 1111 1276 mere
1136 1204 1175 1274 in
1200 1199 1311 1277 obae-

264 1302 363 1376 uium
393 1300 488 1375 Dei:
507 1296 789 1392 Eucharisticnm
819 1300 858 1373 iu
886 1303 1083 1399 gratiarum
1100 1301 1308 1373 actionem:

232 1326 609 1497 dropdmtoniamneu
620 1393 865 1497 Expectoniaem
874 1401 912 1470 in
921 1398 1174 1472 remissionem
1185 1398 1310 1496 culpus

231 1496 290 1572 rel
313 1521 458 1614 poentet
478 1496 758 1591 impetratorem
780 1493 827 1569 ad
849 1494 1051 1570 obtinenda
1067 1494 1165 1569 bona
1181 1498 1201 1567 d
1218 1497 1310 1571 Deo.

230 1594 459 1671 Sacrificium
469 1601 602 1690 ⁶autem
620 1593 861 1668 Eucharistiae
876 1595 917 1667 in
930 1592 1009 1693 lege
1026 1594 1146 1693 gratiae
1160 1594 1310 1674 institas

230 1707 312 1769 tum
322 1697 338 1790 (
346 1720 421 1794 quo
433 1696 555 1767 omnia
569 1693 719 1860 autigua
732 1693 913 1767 Sacrificia
921 1694 1132 1789 construat)
1141 1695 1314 1766 omnium-

229 1795 387 1868 rationes
410 1790 562 1866 illorum
589 1815 654 1889 per
668 1789 748 1865 ecte
774 1792 939 1865 continet
953 1819 962 1865 ε
977 1790 1044 1865 Eat
1068 1791 1167 1865 enim
1186 1790 1310 1863 Halo·

230 1899 389 1964 caustum
416 1890 457 1962 in
485 1888 773 1984 recognitionem
803 1888 938 1963 divinoe
965 1888 1215 1964 exeettentiae:
1239 1889 1308 1962 Est

230 1987 508 2062 Euchmu'm‘cum
522 1988 562 2059 iu
579 1989 777 2084 gratiarum
791 1988 973 2062 actionem
988 2017 998 2059 ι
1014 1988 1082 2061 Eat
1095 1988 1308 2084 impetamu-

228 2086 315 2158 niem
342 2088 536 2183 gratiarum
561 2110 629 2199 ρετ
652 2086 782 2159 merita
807 2085 943 2160 Christi
961 2113 971 2157 e
988 2087 1040 2160 tte
1063 2083 1309 2184 Eaepmtormm

231 2200 488 2284 peccaturum,
514 2209 600 2280 quta
626 2207 694 2282 per
716 2179 814 2258 illu'd
837 2183 936 2260 Deus
953 2184 998 2257 ad
1016 2182 1308 2258 misericordium

229 2294 419 2367 movetur,
437 2295 564 2381 estque
582 2282 698 2355 trisse
710 2282 937 2356 Sacrificium
955 2284 1187 2355 incruentum
1204 2281 1308 2355 idem

228 2377 408 2479 profecto,
422 2405 463 2452 ac
472 2379 698 2453 Sacrificium
712 2395 910 2454 cruentum
922 2380 1067 2466 Crucis,
1080 2405 1154 2453 non
1168 2379 1307 2466 solium,

231 2481 315 2579 quia
332 2476 462 2550 eadem
480 2503 633 2575 persons
662 2477 839 2565 offertur,
858 2478 1049 2552 sedetiam
1071 2479 1156 2579 quia
1175 2477 1305 2552 eadent

228 2591 283 2651 est
302 2576 464 2650 formalis
490 2576 583 2648 ratio
600 2575 796 2662 sacrificii,
813 2603 897 2650 curu
918 2577 1089 2650 offeratur
1106 2579 1141 2647 in
1160 2590 1305 2676 protes·

226 2677 401 2748 tationem
431 2675 593 2773 supremi
616 2675 800 2763 Dominii3
849 2673 935 2748 uod·
949 2673 1061 2748 habet
1079 2675 1178 2748 Deua
1194 2675 1305 2763 vitte',

226 2790 264 2847 et
283 2772 424 2849 mortis·
444 2770 670 2845 Sacrificium
691 2771 801 2871 igititr
822 2700 968 2863 (dulim
989 2772 1031 2846 itt
1047 2774 1097 2845 ait
1112 2771 1145 2844 T
1147 2771 1279 2846 rident.
1287 2799 1304 2865 ·,

225 2897 303 2946 uon
328 2868 477 2973 quidem
505 2870 746 2946 essentialiter
764 2869 886 2945 differt
906 2871 1128 2944 isacrificio
1147 2870 1304 2959 Crutic,

184 3024 189 3034 .
226 2968 294 3045 sed
310 2970 454 3044 tuntum
475 2968 748 3042 accidentaliter
776 2968 897 3069 quoad
923 2969 1077 3043 modum
1097 2967 1302 3060 offerendi·‚

224 3067 363 3167 nempe
385 3066 471 3164 quia
492 3090 526 3139 ι.
546 3064 591 3138 In
610 3064 678 3139 illo
698 3067 827 3140 Crucis
844 3070 1047 3162 intercessit
1062 3091 1159 3140 mors
1174 3066 1303 3154 reatin,

226 3163 266 3238 iu
285 3163 357 3238 hoe
383 3164 578 3236 intervenit
597 3159 760 3264 myitica.
792 3192 827 3238 a.
847 3165 949 3238 Illud
967 3165 1133 3238 oblatum
1150 3165 1221 3240 fuit
1236 3191 1304 3265 per

223 3261 349 3363 ipsum
365 3260 645 3360 Redemptomm
658 3263 698 3335 in
717 3285 778 3335 ara
801 3264 953 3347 Crucis,
977 3263 1048 3338 hoc
1063 3264 1216 3337 offertur
1231 3266 1304 3337 mi·

214 3361 375 3435 ‘nisterio
395 3357 646 3435 Sacerdotem.
674 3359 709 3434 3.
736 3359 837 3435 lllud
853 3362 923 3442 luit
938 3361 1191 3447 meritorium,
1243 3363 1302 3434 uia

225 3456 277 3533 ihi
301 3458 467 3533 solutum
494 3457 566 3531 luit
583 3461 743 3557 pretium
766 3471 900 3533 nostrie
923 3459 1210 3557 redemptionis3
1256 3483 1303 3532 oc

223 3555 401 3632 veronen
422 3570 478 3630 est
492 3557 720 3631 meritorium
737 3610 747 3646 ‚
766 3579 853 3631 oum
871 3555 1089 3631 ltictuntirm
1106 3557 1303 3660 applicent·

224 3670 286 3734 tur
301 3655 427 3729 merita
443 3654 591 3728 Christi.
952 3683 959 3700 ·
1279 3689 1283 3700 ·

271 3750 486 3829 Notandum
502 3751 567 3826 111.
588 3766 731 3843 certum
749 3776 827 3827 esee
843 3766 881 3828 et
896 3752 943 3829 de
961 3753 1055 3839 fida,
1070 3752 1170 3854 quod
1191 3747 1301 3828 Misia

224 3853 272 3927 sit
297 3851 404 3942 vere,
423 3865 460 3924 et
476 3849 626 3950 proprii
645 3850 892 3938 Sacrificium,
909 3849 946 3927 et
961 3853 1145 3927 iClrristu
1159 3852 1302 3924 institu-

225 3968 305 4026 tum
321 3948 446 4051 quoad
459 3949 518 4035 id,
534 3947 636 4049 quod
653 3953 813 4046 pertinet
826 3950 876 4023 ad
890 3955 1085 4026 essentiam
1097 3949 1299 4023 metunt:

223 4076 291 4150 per
307 4047 782 4191 conaecmtionemenim'et
794 4069 863 4153 per
873 4053 1138 4155 sumptionem,
1154 4043 1302 4125 ttintst
