2884 4684
256 318 336 412 Cap.
351 317 383 387 1.
401 316 491 386 nub.
505 314 550 388 V.
569 317 619 387 De
635 322 770 387 tuentia
786 315 1005 389 Eucharistiae.
1127 318 1168 388 51

112 461 136 503 n
157 430 280 506 horum
296 430 465 505 omnium
493 445 573 517 eet,
591 432 677 544 quia
696 429 742 504 ad
760 431 990 531 praesentiam
1007 482 1017 518 ,
1034 442 1070 501 et
1084 454 1172 502 sen-

111 558 134 598 n
154 529 368 617 nihilitatem,
385 552 462 602 non
475 529 687 628 requiritur,
705 546 746 603 ut
759 531 907 602 materia
922 527 1100 612 videatur,
1113 524 1173 597 vel

111 656 132 695 rr
154 643 312 727 tangatur
328 685 338 719 ,
368 627 425 700 vel
439 626 591 700 feriatur
604 653 695 699 sono
710 628 909 701 verborum
922 628 937 723 (
945 625 1048 699 unde
1067 651 1173 699 oom-

109 753 131 793 a
152 728 393 801 muniternon
409 723 587 827 probatur
626 727 721 799 raris
735 751 883 810 eornm,
906 724 970 823 qui
992 750 1032 797 oa
1046 725 1173 822 proxi·

111 823 205 897 nnat
233 824 429 905 admovent
448 882 459 911 ,
489 839 530 897 ut
558 754 714 897 halitum
732 825 772 898 in
799 823 971 909 calicem,
988 837 1024 895 et
1040 846 1174 920 panem

109 951 128 988 a
149 922 361 1021 inspirent),
382 920 587 997 dummodo
610 921 726 996 videri
740 923 857 1092 posuit
873 920 946 995 sire
964 921 1005 993 in
1018 945 1075 1009 ae,
1100 918 1174 994 sive

108 1049 127 1087 u
150 1021 186 1093 in
207 1020 298 1110 alio,
316 1048 350 1096 v.
369 1047 421 1119 gr.
440 1022 482 1094 in
496 1047 563 1093 sno
577 1035 654 1092 toto
669 1075 679 1105 ,
696 1047 740 1092 ve
767 1022 980 1093 continente
993 1075 1003 1108 ,
1016 1018 1075 1091 rel
1091 1043 1173 1090 vase

107 1146 123 1182 a
149 1118 319 1290 ad5illam
342 1117 606 1193 continendam
622 1118 818 1195 destinato.
833 1117 881 1192 V.
895 1118 991 1191 Bon.
1007 1118 1043 1191 d.
1060 1120 1133 1217 lq.
1151 1141 1173 1189 2

106 1244 125 1284 ))
172 1271 181 1291 ·
222 1268 232 1288 ο
633 1262 638 1273 Q

142 1244 170 1383 ff
194 1340 231 1387 2.
243 1314 406 1391 Invalidd
419 1316 697 1393 consecraturl.
713 1314 862 1389 Materia
879 1330 963 1416 post
974 1313 1230 1413 parietem,2,a

103 1440 122 1480 >r
147 1429 208 1486 ant
224 1429 307 1513 pout
324 1429 467 1514 tergum
487 1419 603 1515 posita
618 1472 628 1503 ,
643 1414 702 1489 vel
718 1414 840 1487 clausa
860 1417 896 1487 in
916 1411 1172 1500 tabernaculo,

103 1532 120 1574 b
149 1526 189 1584 nt
206 1512 313 1586 docet
326 1513 411 1588 Fill.
430 1516 524 1589 Bon.
538 1541 596 1611 qu.
612 1540 683 1612 ap.
697 1512 854 1589 (tetulit.
870 1514 971 1586 Ratio
990 1525 1069 1597 est,
1086 1510 1174 1611 qnia

100 1636 120 1691 n,
145 1609 331 1685 moraliter
340 1627 516 1686 censetur
531 1611 675 1703 abesse3
691 1638 776 1685 unm
791 1637 866 1684 non
880 1612 995 1710 possit
1004 1609 1176 1682 demons-

99 1734 119 1774 a
147 1713 232 1783 trari
253 1735 318 1806 per
338 1712 412 1798 To,
431 1713 532 1802 Hoc,
546 1727 582 1782 et
595 1711 668 1783 Hic
683 1736 696 1793 ‚·
714 1736 834 1809 neque
850 1711 969 1809 paries
984 1709 1171 1796 habetne,
1242 1744 1246 1755 ¹

99 1832 118 1871 ι
148 1820 188 1879 ut
218 1794 435 1896 conlinena,
457 1824 520 1881 aut
543 1824 677 1905 tegens.
705 1809 752 1883 II.
783 1808 933 1885 Materia
957 1805 1063 1880 vatdt
1089 1831 1175 1903 pro·
1208 1837 1213 1865 r

98 1931 117 1991 ι,
145 1903 229 1995 cul,
250 1931 280 1976 r.
295 1931 329 2002 g.
349 1925 495 1981 eentum
509 1905 676 2008 passibus
695 1906 854 1990 distant,
874 1905 941 1979 etei
957 1902 1072 1978 videri
1085 1929 1176 2002 pos-

98 2030 118 2069 »
145 2002 202 2076 ait.
229 2006 332 2077 Ratio
359 2020 415 2078 est
440 2005 581 2080 eadem.
607 2008 755 2098 Quanta
778 2018 900 2078 autem
919 2003 1175 2105 propinquitas

96 2127 118 2167 a
144 2100 319 2188 sufficiat,
336 2102 495 2178 dubium
515 2118 593 2195 eet,
610 2118 647 2177 et
664 2129 709 2179 ex
731 2100 862 2176 morali
877 2102 1103 2202 prudentum
1117 2105 1176 2200 ju·

96 2227 115 2263 ι
145 2200 242 2272 dicio
260 2201 408 2299 pendet.
427 2201 581 2301 Hendq.
611 2201 636 2275 1.
662 2202 686 2275 8
708 2226 741 2276 c.
762 2202 809 2296 34
824 2199 960 2290 docet,
986 2211 1112 2273 noant
1127 2200 1174 2272 30

95 2325 117 2365 a
146 2323 333 2396 passuum.
353 2299 540 2391 ⁸(Putant
559 2298 676 2398 Lnga,
692 2314 728 2371 et
740 2297 846 2373 Gubr.
864 2297 960 2396 apud
976 2296 1083 2370 Sulm.
1100 2323 1132 2369 c.
1151 2297 1176 2391 4

96 2425 117 2463 n
142 2421 181 2468 n.
209 2396 288 2470 115,
308 2398 614 2481 Consecrationem
630 2396 667 2469 in
684 2423 730 2471 ao
739 2423 870 2495 passus
884 2420 964 2469 esse
975 2395 1125 2490 certam)
1136 2395 1174 2487 ‘,

94 2522 114 2558 ι
144 2494 248 2594 quod
263 2495 360 2568 Bon.
383 2494 524 2575 lonfait.
545 2509 582 2567 et
596 2493 660 2569 alii
681 2510 812 2596 putant
832 2521 907 2568 nou
924 2519 1002 2569 esse
1017 2507 1176 2569 certum.

94 2620 116 2660 n
144 2592 241 2666 Vide
253 2591 371 2668 Schol.
387 2593 451 2670 Ill.
472 2593 621 2670 Materia
636 2598 711 2668 tlm
730 2590 897 2681 modica,
914 2606 955 2666 ut
970 2617 1078 2693 aenan
1093 2618 1177 2691 per·

93 2721 116 2761 rr
145 2693 219 2791 cipi
235 2718 308 2764 non
328 2692 439 2792 possit
455 2720 464 2764 ε
482 2705 563 2766 tum
582 2693 667 2792 qnia
683 2718 760 2768 non
776 2705 898 2791 potent
911 2688 1174 2778 demonstrari,

93 2818 114 2855 ο
144 2804 225 2863 tum
241 2791 328 2890 quia
343 2791 617 2865 Sacramentum
633 2789 745 2863 debet
758 2815 835 2862 esse
851 2790 997 2886 siguum
1015 2785 1175 2861 sensibi-

94 2916 114 2953 n
144 2887 195 2960 le.
221 2889 273 2961 ln
292 2886 391 2960 Sunt.
415 2888 597 2986 Vasp.,et
618 2887 681 2962 alii
703 2886 984 2973 contraSutum,
998 2884 1175 2960 Hennae.

94 3016 118 3055 n
144 2985 257 3079 Quod
279 2985 465 3087 intellige,
486 2988 517 3061 oi
533 3011 607 3061 non
633 2988 681 3060 eit
695 2986 734 3059 in
746 3000 844 3073 toto,
863 2984 928 3059 sed
942 2986 1040 3057 extra
1060 2981 1176 3070 illud,
1248 2986 1251 3001 ¹

95 3111 118 3154 n
146 3084 235 3186 qnia
260 3086 300 3159 in
329 3101 407 3160 toto
431 3085 540 3160 etiam
556 3084 718 3159 minimae
735 3089 814 3185 ejus
835 3081 1025 3184 particulae
1042 3105 1176 3156 conae·

95 3209 116 3249 ο
146 3197 298 3257 orantur
314 3211 323 3254 ε
339 3198 381 3257 ut
392 3197 535 3259 constat
546 3208 589 3258 ex
603 3183 638 3257 T
632 3181 698 3257 rid.
718 3209 811 3258 sess.
832 3183 875 3258 13
894 3207 926 3259 c.
942 3182 965 3260 3
981 3196 1017 3252 et
1027 3182 1063 3274 d.
1075 3181 1173 3254 Bon.

95 3309 116 3349 a
144 3283 211 3355 loc.
230 3281 290 3358 εἶτ.

148 3411 168 3445 ι
194 3376 366 3463 Secunda
382 3377 547 3456 conditio
566 3392 641 3465 eut,
664 3392 705 3453 nt
721 3377 941 3452 materiaeit
964 3390 1078 3463 certa,
1095 3389 1132 3447 et
1150 3375 1230 3473 daut

96 3510 116 3546 ι
146 3479 386 3553 consecrantir
401 3478 591 3552 rirtenn‘one
606 3534 617 3561 ,
636 3495 673 3551 et
687 3478 723 3550 iu
737 3472 918 3549 ‘individuo
931 3474 1174 3549 determinata.

97 3607 118 3648 n
146 3574 433 3651 Euteommnniu
445 3575 547 3676 apud
563 3577 652 3651 Bon.
667 3589 704 3649 et
717 3573 825 3648 alios:
841 3590 920 3649 tum
937 3575 1023 3668 quia
1036 3570 1109 3644 hoo
1120 3596 1176 3644 re·

97 3707 116 3743 ι
147 3676 303 3774 quirunt
319 3676 535 3773 pronomina
549 3676 652 3763 Hoc,
667 3673 804 3746 atHr'c:
822 3686 901 3746 tum
916 3675 1001 3772 quia
1015 3669 1174 3742 actiones

2 3776 3 3807 l
96 3805 119 3846 a
147 3788 233 3848 nunt
258 3774 356 3848 ciret
384 3774 614 3869 singularia,
672 3796 728 3846 uoe
745 3770 882 3847 debent
906 3794 983 3847 esse
999 3780 1120 3862 certa,
1139 3780 1195 3862 et,

98 3904 120 3949 a
150 3868 403 3956 determinata,
421 3872 518 3951 Vide
533 3873 628 3947 Bon.
642 3799 669 3948 d
681 3898 714 3947 c.
723 3898 763 3967 p.
781 3871 814 3946 5.
