2884 4684
208 177 210 179 Ι
253 217 333 313 cap.
350 220 394 288 ΙΙ.
413 220 501 288 Dnb.
518 220 560 286 11.
575 220 626 288 De
639 218 782 313 subjecto
795 219 1014 288 Eucharistiae.
1131 215 1173 307 89

107 325 208 400 dicit:
229 331 435 405 Conteratur
447 358 524 405 cum
540 330 724 444 proposito
742 328 956 422 confitendi,
975 325 1116 428 absque
1129 351 1173 400 eo

107 427 197 526 quod
215 427 437 530 adjungatur
453 456 532 502 cum
544 434 713 528 pnmztm.
766 481 770 488 .

145 528 326 618 Quaeritur
353 526 453 602 Vm.
477 530 535 601 An
556 526 747 626 praefatum
794 540 995 625 raeceptum
1011 521 1231 610 Triden-ffia

106 621 163 694 tini
188 624 390 699 confitendi
419 624 696 727 quamprimirm
713 683 724 716 ,
744 553 886 721 adliget·
904 621 1013 697 etidm
1027 622 1139 695 laicos
1157 621 1172 693 ἓ

104 721 215 795 Pn'ma
231 725 409 798 sententia
425 723 580 797 affirmat
589 777 599 811 ,
615 738 651 795 et
665 724 761 798 hanc
777 738 904 796 tenent
921 723 1058 793 Novar.
1075 719 1175 815 apud

104 817 189 918 Lago
210 821 246 897 d.
279 825 322 917 14
351 848 388 895 ιι.
417 823 495 897 138.
527 823 636 895 Cone.
660 849 744 921 pag.
774 823 840 916 341
871 847 908 895 ιι.
937 822 990 895 13.
1017 818 1171 891 etCont.

105 917 224 990 Toum.
246 948 286 1020 p.
313 923 381 1020 507
400 945 438 1021 q.
461 921 483 995 5
507 945 586 993 cum
604 921 717 993 Azor.
734 920 849 992 Heor.
870 935 906 991 et
917 918 979 992 Sa.
996 918 1113 1013 Quia,
1131 927 1174 987 ut

105 1014 246 1107 dicunt,
280 1018 408 1094 eadem
439 1020 532 1093 ratio
561 1018 660 1092 valet
692 1019 731 1094 in
764 1017 899 1103 laicis,
932 1043 1013 1118 quse
1042 1019 1082 1092 iu
1109 1015 1173 1087 Sa·

103 1114 338 1205 cerdotibos,
372 1116 438 1191 nbi
460 1120 560 1191 enim
587 1116 715 1190 eadem
745 1118 834 1191 ratio
863 1121 1012 1203 currit,
1043 1112 1174 1188 eadem

92 1216 206 1287 :currit
224 1216 316 1314 legis
342 1214 547 1317 dispositio.
571 1215 735 1290 Secunda
757 1214 846 1288 verd
871 1212 1050 1288 sententia
1068 1237 1173 1285 corn·
1213 1271 1219 1282 .

100 1311 331 1406 ¹inanissima,
362 1328 398 1387 et
426 1317 511 1389 satis
540 1311 742 1413 probabilis
771 1331 910 1413 negat,
941 1329 979 1386 et
1009 1337 1091 1385 eam
1121 1326 1174 1381 te-

99 1414 292 1488 nentduor.
310 1415 348 1485 d.
366 1412 509 1488 66‘sect.
523 1412 696 1512 7.etLug.
709 1438 746 1484 ιι.
766 1412 833 1511 139
846 1412 1084 1514 quiasserit,o
1113 1434 1177 1509 po·

99 1507 210 1584 sitiam
226 1513 475 1588 communiter
487 1512 611 1612 rejici,
634 1511 804 1608 Wgrandt
822 1527 865 1585 tr.
896 1536 936 1584 ra
957 1536 994 1582 n.
1012 1508 1058 1582 32
1110 1561 1114 1576 .
1136 1509 1173 1581 5.

98 1606 244 1682 Mr'lante
262 1612 299 1682 in
315 1638 418 1709 prop.
441 1610 497 1684 13.
515 1611 623 1682 Alex.
639 1609 874 1708 V11.*Pal.p.
896 1635 936 1681 ιι
955 1635 993 1680 ιι.
1011 1633 1049 1708 9.
1071 1597 1181 1678 Elbel

93 1731 131 1802 p.
150 1706 196 1803 95
214 1734 251 1781 n.
274 1710 355 1796 ro5.
374 1711 438 1809 qui
457 1710 582 1782 asserit
598 1732 852 1798 communem,
870 1708 1033 1804 Roncag.
1049 1732 1081 1777 c.
1098 1707 1171 1801 qu.

96 1803 179 1877 513.
207 1830 229 1878 a
254 1834 334 1879 cum
352 1806 536 1897 Candido,
554 1805 715 1893 Averso,
739 1822 775 1878 et
790 1806 930 1891 Βὶιιιια,
954 1803 1073 1878 Escob
1086 1805 1108 1875 l.
1126 1827 1173 1874 20

95 1925 129 1974 ιι.
148 1928 195 2000 92
214 1926 292 1975 cnm
317 1906 424 2004 Vnsq.
452 1906 541 1979 Con.
559 1921 622 1977 etc.
643 1908 731 1977 item
748 1904 873 2005 Lnym.
892 1906 989 1979 Bon.
1005 1901 1089 1975 tht
1105 1916 1172 1975 etc.

95 2000 187 2092 apud
204 2002 312 2076 Conc.
333 2004 357 2076 l.
381 2030 413 2076 c.
438 2002 567 2091 Ratio,
589 2017 668 2075 tum
688 2003 774 2104 quia
795 2003 971 2104 praedicta
989 1997 1111 2100 regula
1129 2025 1174 2072 ex

94 2100 243 2195 paritate
264 2099 414 2175 rationis
437 2105 554 2175 currit
573 2101 727 2201 quidem
738 2104 777 2173 in
797 2101 1038 2184 correlatiris,
1054 2097 1173 2199 aeqni-

96 2201 251 2295 paratis,
279 2199 338 2271 vel
371 2200 564 2285 connexis,
595 2226 669 2274 non
690 2214 812 2273 autem
836 2200 922 2293 hic,
939 2195 1040 2273 tantd
1058 2198 1173 2295 magis

95 2298 177 2465 θυῖε
193 2298 378 2389 snmus'in
399 2296 552 2388 odiosis,
576 2302 670 2392 iuxta
692 2297 788 2371 dicta
804 2299 843 2372 iu
855 2300 890 2370 T
884 2314 968 2372 rant.
992 2299 1037 2370 de
1050 2295 1174 2395 Legr'b.

108 2449 116 2464 .
133 2422 155 2470 2
176 2422 214 2471 ιι.
233 2423 304 2469 200
323 2424 355 2467 ι.
375 2396 552 2497 Qnoerr‘tur.
571 2398 671 2471 Turn
686 2395 915 2497 quiadiffert
937 2398 1028 2484 ratio
1042 2395 1175 2468 Sacer·
1265 2415 1270 2432 ¹

96 2491 237 2585 dotum,
258 2511 294 2569 et
310 2493 521 2568 Laicorum.
542 2493 587 2567 In
611 2494 869 2572 Sacerdotibus
886 2496 984 2570 enim
1005 2494 1071 2594 qni
1088 2487 1174 2593 (ge2

95 2594 214 2667 nerice
241 2593 463 2690 loquendo)
493 2575 722 2694 frequentids
752 2595 1029 2668 communicant
1062 2598 1175 2691 qutm

95 2689 195 2777 laici,
215 2689 360 2766 facilins
383 2691 545 2764 occurrit
567 2691 761 2767 necessitas
780 2687 1081 2765 communicandi
1095 2689 1174 2764 sine

96 2790 351 2881 consessione,
371 2789 531 2891 idedqne
557 2789 702 2866 faciliirs
719 2803 893 2889 praetextu
916 2789 1029 2888 hujus
1044 2813 1175 2861 ncces-

95 2888 203 2961 sitatis
230 2888 442 2962 Sacerdotes
472 2890 715 2988 praetermissd
741 2888 977 2962 consessione
1004 2884 1175 2960 celebra·

94 3002 182 3061 rent.
200 2986 318 3087 quue
335 2989 529 3061 confirmat
546 2987 940 3084 Wigandtaucroritate
949 2987 984 3059 S.
995 2983 1171 3077 Thone,

96 3085 153 3183 qui
171 3084 273 3175 dicit,
290 3087 329 3159 in
352 3111 416 3176 eo,
435 3086 495 3158 cni
511 3082 613 3159 deest
632 3086 736 3185 copia
755 3085 995 3172 confessarii,
1012 3098 1050 3157 et
1067 3109 1174 3157 corn-

98 3183 211 3258 munis
228 3186 425 3258 necessitas
441 3198 569 3283 urget,
594 3181 731 3282 requiri
750 3189 982 3285 propositum
997 3184 1176 3255 confiten-

100 3279 149 3365 di,
163 3299 198 3357 et
216 3283 483 3372 satisfaciendi,
514 3281 608 3355 nihit
628 3281 769 3356 addens
788 3281 834 3355 de
853 3281 927 3355 obli
955 3283 1075 3355 atione
1097 3295 1175 3353 sta·

96 3380 158 3452 tim
189 3387 312 3482 postea
343 3381 559 3456 confitendi.
584 3382 642 3468 Ex
671 3407 745 3480 qno
767 3381 863 3456 rectd
887 3309 1051 3458 inierunt
1074 3371 1176 3451 idern

102 3478 187 3577 Wig.
217 3496 254 3552 et
273 3480 374 3578 Lago
402 3507 439 3554 ιι.
464 3481 543 3578 139.
561 3505 640 3553 cum
656 3478 755 3551 Sunr.
773 3496 837 3552 etc.
855 3478 975 3578 quod,
996 3480 1025 3552 si
1045 3478 1176 3550 Sacer-

98 3575 158 3649 dos
187 3579 224 3651 in
245 3580 464 3663 ¹necessitate
494 3582 574 3651 sine
604 3578 842 3652 Confessione
869 3603 971 3651 more
994 3576 1193 3650 laicorumx

97 3678 406 3763 communicaret,
421 3702 499 3750 non
520 3690 706 3751 teneretur
722 3678 846 3749 statim
863 3676 1050 3765 confiteri,
1070 3671 1175 3747 seriis

97 3773 177 3848 verd
193 3775 400 3870 (addunt),
427 3777 458 3849 si
485 3774 636 3848 deberet
661 3774 848 3876 complere
878 3773 1099 3848 sacrificinm
1127 3770 1173 3846 ab

97 3871 164 3946 alio
185 3874 401 3976 inceptum:
419 3871 477 3946 vel
501 3875 532 3947 si
550 3874 711 3948 officium
725 3888 913 3974 perageret
934 3872 992 3944 die
1006 3873 1175 3945 Parasce-

97 3995 177 4061 ves,
198 3976 282 4074 quia
309 3974 375 4047 etsi
394 3990 485 4048 tunc
505 3973 738 4048 condiceret
784 3970 905 4071 roprid
922 3972 1092 4056 Missam,
1113 3969 1176 4042 di·

101 4086 236 4146 ceretur
271 4087 394 4146 tamen
435 4071 652 4169 simpliciter
684 3998 903 4166 calcitrare,
938 4085 980 4145 ut
1010 4069 1175 4172 loqaitnr

101 4166 205 4245 Robr.
224 4173 323 4249 Miss.
341 4172 387 4248 de
405 4169 473 4245 itto
492 4171 566 4246 die.
