2884 4684
273 258 337 351 496
378 256 451 327 [ὦ.
468 260 527 329 Vl.
545 261 655 328 Tratt.
673 261 734 330 lv.
752 262 802 330 Dc
816 260 1019 333 Sacramenta
1033 262 1236 336 Paenitentia.
1404 278 1407 425 1

322 369 347 441 l.
364 370 435 444 Per
447 371 552 444 rerba
566 427 576 454 ‚
589 372 672 445 reris
680 374 925 472 pandentibus
939 392 973 445 et
987 375 1179 467 confessis.
1193 376 1330 478 intelligi

272 466 380 541 (lebet
398 470 551 543 actualis
565 470 769 544 Confessio.
785 474 848 565 (ln
862 472 958 546 dicta
973 472 1126 548 Constit.
1142 476 1238 549 Inter
1254 504 1333 577 prae·
1405 472 1406 480 ἵ

272 583 415 652 tentos,
431 569 464 664 5.
486 571 544 657 5).
563 569 609 642 Π.
627 572 765 644 Omnes
777 574 999 645 visitationes
1015 575 1259 649 Ecclesiarum
1278 574 1333 648 dc·

272 665 362 738 bant
378 669 506 767 perfici
523 694 598 741 non
610 668 691 749 dia.
707 666 920 771 incipiendo
936 671 1033 744 diem
1050 677 1068 745 a
1085 672 1198 745 media
1211 674 1254 746 ad
1266 701 1334 746 me·

272 765 370 838 diam
387 782 532 840 noctem
545 824 552 843 ,
566 770 622 838 rel
640 774 658 841 a
672 794 819 869 vespera
831 770 877 841 ad
893 794 1076 871 vesperam
1089 773 1119 868 5.
1141 772 1193 845 ri.
1209 772 1265 845 lll.
1276 774 1335 851 Per

271 863 489 938 clausulam.
507 866 830 955 Ari-beneplacitum
847 884 1021 953 nostrum,
1039 888 1075 941 ct
1086 871 1185 942 Sedis
1197 874 1336 961 Aposto-

270 963 365 1049 tta,
382 991 455 1037 nnn
473 978 617 1036 cessant
628 965 737 1037 Indnl
766 968 873 1038 cntiae
888 982 1003 1041 morte
1022 967 1203 1043 Pontificis
1219 998 1226 1039 :
1243 967 1336 1041 seclis

272 1062 301 1133 si
320 1062 462 1135 tsntlr'm
481 1064 645 1149 dicatur,
659 1066 722 1134 Ad
735 991 983 1156 lenepnn‘tum
999 1084 1152 1140 reostrum
1162 1067 1194 1163 5.
1215 1068 1263 1140 18.
1277 1066 1335 1138 IV.

272 1161 376 1234 Circa
397 1166 674 1260 suspensionem
694 1163 1036 1261 Indulgentiarum.
1063 1165 1209 1264 qrrnntlo
1229 1163 1338 1236 inlu·

273 1258 380 1332 datto
400 1260 555 1349 dicitur,
576 1287 701 1333 omnes
717 1280 754 1331 et
769 1264 932 1361 singula,
951 1266 1060 1335 etiam
1084 1264 1248 1361 tilenariae
1265 1290 1338 1334 sus·

272 1358 500 1456 penduntur.
520 1360 541 1454 5
562 1386 619 1432 22.
641 1360 689 1430 V.
713 1359 953 1459 Indulgentiae
977 1388 1043 1463 pro
1067 1365 1154 1434 vivis
1172 1388 1241 1434 non
1263 1374 1338 1460 pos*

272 1474 362 1531 aunt
379 1459 558 1557 applicari
582 1458 779 1532 defunctis.
797 1461 818 1556 5
840 1463 897 1533 23.
918 1456 980 1533 Vl.
1002 1461 1184 1562 Tempora
1207 1458 1338 1533 Jnhilaei

272 1558 370 1630 Anni
386 1556 509 1630 Sancti
536 1574 685 1630 innuant
699 1585 771 1641 ,sus
820 1584 893 1632 nsae
919 1558 1108 1633 facultates
1126 1556 1339 1657 Regularinm

274 1655 488 1728 absolvendi
507 1662 527 1728 a
555 1658 700 1729 casibus
716 1661 772 1731 Bu
789 1657 835 1729 lae
855 1661 996 1745 Coenae,
1015 1672 1051 1729 et
1071 1665 1248 1730 reservatis
1266 1653 1340 1727 Sedi

273 1756 516 1851 Apostolum,
543 1748 580 1829 et
597 1774 676 1829 vota
694 1757 946 1829 commutandi
962 1815 970 1837 .
991 1757 1068 1830 sirei
1088 1760 1162 1830 sint
1175 1777 1338 1829 concessa

274 1854 410 1941 intuitu
432 1855 768 1950 indulgentiarum,
793 1854 867 1926 sivi
886 1852 934 1925 oh
956 1853 1043 1927 alias
1067 1882 1202 1928 causas.
1220 1854 1239 1950 §
1255 1854 1296 1949 26
1309 1864 1341 1924 et

276 1950 335 2025 32.
353 1950 433 2024 Vll.
452 1950 499 2024 Vi
514 1951 661 2025 Jubilaei
683 1953 810 2047 nequit
826 1951 963 2027 absolvi
978 1954 1024 2023 ab
1046 1952 1175 2028 haerssi
1192 1967 1339 2024 externa.

274 2051 357 2146 §38
377 2050 473 2123 Vlll.
498 2049 664 2143 Quandl)¹
683 2047 819 2121 dicitnr
840 2078 848 2119 ε
870 2051 1107 2124 Commutatio
1129 2069 1271 2124 votorum
1287 2049 1341 2119 tat

274 2149 528 2245 dispensando,
548 2148 798 2247 principaliter
814 2147 924 2221 debet
937 2149 1077 2222 attendi
1095 2150 1143 2223 ad
1159 2158 1340 2223 commuta·

275 2251 431 2335 tionem,
447 2248 493 2318 ita
509 2245 547 2320 itt
561 2247 712 2319 materia
726 2247 918 2347 subrogata
934 2274 1010 2319 non
1033 2254 1089 2320 sit·
1116 2247 1341 2323 exorbitantes

274 2347 397 2417 minor
409 2372 419 2414 ε
433 2344 582 2418 seclissi
600 2345 760 2431 dicatur,
774 2346 1000 2446 Dispensatio
1015 2347 1082 2424 fiat
1095 2342 1324 2421 commutando
1332 2344 1343 2425 ,¹

274 2444 295 2540 5
312 2443 370 2536 45.
389 2442 641 2518 lX.'Fscultas
662 2444 902 2540 dispensandi
922 2471 995 2516 non
1019 2444 1225 2520 includitur
1242 2443 1275 2513 in
1295 2438 1312 2509 l
1324 2477 1341 2493 ·

276 2541 414 2616 cultata
431 2541 698 2616 commutandi.
719 2544 870 2642 547.Χ.
890 2544 1000 2636 Quod
1016 2544 1063 2617 ad
1078 2541 1342 2636 irregularitatrt

275 2628 457 2742 pertinet,
480 2640 662 2757 quidquid
676 2642 724 2713 sit
741 2641 787 2715 de
804 2645 1070 2728 controversia,
1088 2669 1181 2715 num
1200 2639 1265 2712 sub
1283 2663 1342 2709 no·

276 2741 376 2814 minc
395 2764 561 2813 censurat
584 2740 830 2840 irregularitas
845 2766 888 2813 cs
908 2740 1043 2813 delicto
1062 2734 1341 2839 comprehenda-

276 2850 361 2924 tur,
379 2839 487 2912 datur
505 2842 659 2935 facultas
676 2838 913 2938 dispensandi
927 2839 974 2911 ab
990 2843 1136 2913 occulta
1151 2833 1341 2933 irregulari·

276 2951 351 3015 tate
370 2939 417 3010 ob
437 2934 671 3033 violationem
691 2930 930 3012 censurarum
950 2938 1151 3013 dumtaxat.
1171 2938 1196 3033 5
1213 2937 1267 3010 5ο.
1284 2932 1341 3006 lll.

277 3035 430 3109 facultas
455 3036 705 3110 commutandi
727 3038 787 3137 pia
809 3063 919 3139 opera
943 3062 1017 3109 nou
1038 3036 1254 3133 intelligitur
1271 3030 1343 3103 dau

279 3136 375 3208 circa
398 3136 688 3226 confessionem,
711 3150 748 3209 ct
766 3138 1065 3227 communionem
1088 3132 1342 3242 (praeterquam

279 3232 364 3309 cum
386 3238 532 3330 pueris)
548 3252 568 3323 ,'
580 3251 642 3307 aut
659 3236 860 3309 orationem
880 3235 1128 3308 necessariam·
1137 3237 1177 3306 in
1191 3230 1343 3304 visitatio·

279 3356 339 3406 ne.
357 3331 434 3406 Nec
454 3328 692 3407 commutatio
710 3334 788 3406 fieri
809 3350 924 3432 potest
942 3332 989 3406 ad
1006 3358 1116 3432 opera
1132 3326 1275 3405 aliundis
1291 3323 1343 3396 dc·

279 3430 366 3505 bita.
384 3433 461 3515 Nec
478 3431 677 3507 Jubilaeum
696 3434 836 3532 acquiri
859 3448 975 3532 potest
993 3458 1060 3531 per
1075 3457 1167 3530 opus
1184 3428 1266 3501 alias
1284 3420 1343 3494 de·

279 3529 401 3605 bitum
417 3534 525 3632 (puta
541 3533 669 3632 siquis
685 3555 728 3604 ex
745 3532 863 3627 legato
880 3545 1048 3604 teneatur
1064 3529 1151 3602 (lare
1167 3528 1346 3618 eleimosy·

280 3656 368 3703 nam
387 3631 541 3731 pauperi
555 3630 682 3723 taisi,
730 3632 767 3702 ui
789 3628 1060 3728 Indulgentiam
1077 3623 1262 3723 concedit,
1281 3644 1345 3734 ¹¹?ss

281 3731 449 3803 minatim
476 3730 598 3813 dicat,
628 3657 732 3829 quol
755 3754 822 3829 per
850 3728 1072 3829 praedictum
1098 3752 1189 3825 opus
1220 3739 1345 3819 acquin

283 3832 415 3929 possit3
443 3828 483 3905 id
513 3834 611 3904 enim
629 3827 723 3928 saepi
743 3829 940 3924 contingit,
969 3852 1053 3898 cum
1074 3827 1168 3898 inter
1191 3822 1344 3919 iniuncta

280 3934 393 4026 'opera
410 3928 521 4001 trium
540 3931 682 4003 dicrum
712 3928 892 4027 jejunium
910 3924 1182 4025 miseribitur,
1199 3918 1271 3991 dies
1287 3937 1344 3984 no·

282 4024 450 4100 minutim
466 4025 688 4109 indicando,
707 4053 762 4100 ex.
772 4052 811 4123 g.
822 4024 982 4123 ¹dicitur,
996 4024 1095 4123 quod
1114 4045 1188 4096 esse
1202 4015 1345 4089 debeant

276 4137 356 4199 nes
379 4124 636 4231 diesquatuor
649 4130 872 4228 ,temporum
898 4120 1173 4230 Septembris&
1189 4117 1244 4194 53.
1262 4111 1348 4231 Item
