2884 4684
257 230 338 325 Cup.
357 230 388 298 1
410 230 499 299 Dub.
516 230 560 298 V.
577 230 627 297 De
643 230 776 298 essentia
789 228 886 321 hujus
902 229 1111 301 sacramenti.
1158 220 1223 314 473

140 338 220 421 Pal.
238 370 275 443 p.
296 368 337 415 21
367 369 407 415 n.
428 366 463 441 9.
482 368 567 416 cum
589 338 743 441 Toleto,
760 324 796 413 et
813 342 879 424 Sa,
895 340 987 415 viva
1003 362 1066 441 qu.
1083 338 1189 413 6art.
1210 350 1226 407 r

143 466 183 512 n.
208 468 236 516 ι.
257 468 289 513 v.
312 442 451 535 Quinto
477 439 661 533 (limitent
686 444 807 513 tamen
837 434 946 535 Salm.
979 454 1014 511 et
1036 437 1126 507 Viva
1157 434 1228 508 nisi

141 542 329 653 poenitens
350 538 511 636 indigeat
535 538 658 638 aliquo
702 538 889 613 oeuitetrtii
917 533 1147 628 medicinali)
1161 562 1173 629 ιτ
1192 546 1229 606 et

143 635 246 708 adem
266 634 395 712 docuit
415 640 460 713 D.
484 635 557 711 Tb.
577 560 707 737 Suppl.
732 663 797 735 qu.
826 639 870 709 25
887 661 940 709 ar.
962 665 974 710 1
998 632 1045 707 ad
1064 636 1084 707 3
1102 632 1163 706 ubi
1182 629 1230 704 ad

144 732 415 833 objectionem,
431 737 530 835 quod
544 762 620 808 non
640 738 752 835 possit
769 733 944 808 Sacerdos
957 733 1140 808 remittere
1142 755 1230 902 poc·

141 835 362 925 nitentium,
383 861 469 910 cum
486 834 563 908 haec
580 834 628 907 eit
644 861 726 933 pars
738 832 961 906 sacramenti
978 891 986 922 ,
1005 850 1136 932 respon
1168 840 1227 902 et:

146 933 218 1004 Pro
232 929 427 1027 eofncr'ens
444 933 698 1030 Indulgentiae,
707 934 812 1004 solor't
823 955 966 1027 porrum
984 946 1088 1026 poam
1103 927 1228 1011 debut,

143 1029 188 1101 de
208 1030 310 1104 boob
329 1031 495 1104 Eccleo'u
517 1030 768 1105 communibus.
788 1028 921 1104 subdit
942 1027 1028 1102 verb
1042 1026 1088 1100 ad
1100 1031 1136 1120 4.
1160 1026 1231 1096 To·

141 1153 227 1199 men
244 1129 494 1202 consulendum
511 1130 566 1201 est
578 1128 631 1200 cis
646 1184 655 1216 ,
672 1128 735 1228 qui
745 1128 991 1226 Indulgentiae
1013 1146 1231 1219 consequan-

142 1239 221 1317 tur,
241 1251 287 1298 ne
296 1243 442 1326 propter
451 1225 521 1301 hoc
535 1227 582 1299 ub
596 1226 754 1320 open'bus
765 1227 973 1325 ponitentroe
988 1220 1151 1320 tirjonco's
1168 1221 1232 1292 nb·

143 1323 309 1399 subeant.
335 1325 438 1399 Ratio
458 1325 572 1423 liujus
592 1326 784 1397 sententiae
811 1337 883 1415 est,
901 1324 985 1419 quia
1013 1320 1228 1420 poenitentia

136 1421 398 1523 ‘principaliter
411 1424 614 1525 imponitur
630 1422 676 1497 ad
695 1423 990 1498 satisfaciendum
1007 1415 1233 1520 poenae'tem-

144 1520 290 1617 porali,
317 1544 402 1622 quae
432 1522 502 1621 jam
528 1535 601 1594 tota
628 1524 828 1595 remittitur
851 1549 917 1620 per
942 1519 1227 1618 Indulgeirtiam.
1257 1592 1262 1599 ,

144 1617 217 1692 Sed
242 1619 299 1692 his
325 1646 401 1693 nnn
433 1619 686 1709 obstantibus,
718 1619 919 1692 tenendum
945 1635 1000 1691 est
1017 1619 1229 1718 oppositum

142 1743 231 1791 cum
265 1720 420 1793 Concin.
448 1712 532 1818 pag.
560 1721 629 1819 [¹⁰7
664 1744 769 1791 num.
800 1716 843 1792 6,
873 1717 1068 1818 Roncaglia
1096 1742 1178 1813 cap.
1210 1740 1229 1785 a

172 1830 277 1889 uaest.
310 1844 330 1907 7
360 1833 397 1890 et
431 1820 542 1891 Cr'oix
573 1843 677 1890 num.
716 1815 820 1914 1273.
850 1844 936 1889 cum
962 1816 1108 1889 Fillioc.
1137 1808 1229 1886 Rod.

140 1840 279 1988 lirense
296 1916 345 1987 Et
364 1915 473 1990 bodie
489 1940 564 1988 non
582 1931 637 1987 est
652 1912 812 2014 ampliirs
830 1913 853 1987 d
943 1942 962 1988 c
979 1912 1229 1988 dubitandum

49 2035 52 2041 ·
137 2012 235 2086 'dum
257 2028 382 2088 noster
399 2016 461 2088 SS.
486 2016 653 2088 Pontifex
680 2010 820 2086 Bened.
933 2070 940 2083 .
966 2014 1005 2087 in
1024 2014 1085 2086 cit.
1107 2012 1228 2113 Epist.

142 2110 299 2210 Encycl.
315 2114 415 2186 luter
432 2113 642 2209 praeteritas.
659 2110 778 2200 (Vide
795 2113 835 2184 in
851 2108 990 2185 Bullar.
1010 2127 1058 2185 to.
1073 2108 1095 2183 3
1108 2137 1147 2211 p.
1164 2132 1229 2207 r7o

139 2210 171 2305 ’ἓ
188 2211 261 2304 65)
280 2213 497 2282 sententiam
520 2208 742 2307 contrariam
767 2215 956 2310 tamquim
977 2209 1148 2283 laxiorem
1176 2233 1239 2281 re·

149 2304 302 2405 probat,
322 2306 467 2391 dicens,
487 2334 563 2381 nou
579 2332 685 2407 posse
698 2306 951 2405 putariverum
966 2311 1231 2411 poenitentem,

138 2405 213 2503 ‘qui
232 2404 483 2502 indulgentias
510 2407 689 2504 consequi
709 2406 837 2505 cupit,
861 2409 892 2479 si
916 2406 1029 2503 buius
1078 2421 1231 2481 raetexto

138 2526 183 2579 ae
198 2501 277 2574 v-ult
294 2506 450 2577 eximere
470 2508 490 2577 t
514 2506 732 2606 poenitentia
748 2504 1003 2578 sacramentali
1021 2435 1118 2577 aelim
1149 2505 1232 2577 len·

136 2599 205 2703 uda.
226 2603 330 2675 Ratio
363 2630 374 2675 ι
407 2600 516 2704 quia,
535 2618 576 2695 nt
598 2603 787 2677 Poenitens
804 2610 926 2704 posset
948 2532 1233 2703 perlmlulgeo·

144 2701 210 2771 tias
236 2699 383 2773 liberari
412 2707 430 2773 ὲ
456 2701 673 2803 poenitentia
701 2701 800 2774 certe
830 2698 974 2793 debita,
1003 2717 1126 2775 certus
1153 2726 1230 2773 esse

132 2796 307 2890 'deberet
318 2826 355 2871 se
370 2800 469 2874 illam
484 2799 714 2873 lucrarizsed
728 2815 827 2901 patet
843 2801 911 2874 boc
926 2799 1031 2873 valde
1048 2803 1230 2873 incertum

145 2916 248 2987 esset
271 2898 458 2971 undenso
477 2912 596 2999 potest
610 2892 853 2973 debito'eerto
874 2900 1075 2974 satisfacere
1096 2924 1161 2997 per
1177 2901 1230 2971 in-

139 3010 276 3068 certam
294 2996 578 3073 absolutionem.
598 2998 699 3072 Ratio
726 2998 851 3099 aquia
870 3048 881 3085 ,
909 2997 995 3072 licet
1014 2999 1115 3070 certo
1134 2999 1222 3097 quis

139 3093 393 3193 indulgentias
420 3094 626 3169 lucraretur
648 3151 658 3183 ,
683 3093 834 3169 deberet
853 3108 975 3169 tamen
995 3120 1141 3196 semper
1159 3097 1230 3168 ali·

144 3188 1230 3296 quampoenitentiam(quaecstintegralisparssacramenti)

144 3291 322 3389 implere,
345 3319 390 3365 ne
407 3295 682 3368 Sacramentum
703 3292 877 3366 mutilum
894 3311 1052 3367 maneat.

195 3389 276 3464 Dixi
301 3389 463 3493 aliquam
492 3393 747 3491 poenitentiam
769 3417 779 3484 3
809 3419 896 3466 nam
920 3394 1167 3467 communiter
1195 3407 1231 3466 et

147 3487 455 3587 probabilissime,
467 3492 682 3591 praeterAA.
692 3493 820 3565 citatos
831 3518 900 3661 pro
914 3492 1029 3589 prima
1040 3491 1230 3577 sententia,
1254 3519 1256 3523 ·

147 3586 279 3661 dicunt
296 3588 386 3663 Navi
404 3616 486 3687 cap.
509 3592 555 3665 26
584 3617 621 3663 n.
650 3616 709 3664 nr.
729 3590 812 3664 Tol.
845 3591 894 3663 ib.
916 3592 938 3665 3
969 3616 1050 3687 cap.
1074 3617 1108 3662 ιι
1132 3618 1169 3662 ιι.
1193 3594 1228 3671 8.

131 3686 281 3788 ,δροιει
294 3706 333 3761 n.
350 3690 438 3762 258.
458 3687 568 3761 Elbel
586 3718 621 3761 n.
643 3690 725 3783 248.
738 3688 882 3763 Holzm.
897 3717 933 3761 n.
949 3686 1033 3761 612.
1050 3707 1085 3761 et
1100 3690 1227 3797 Laym.

42 3829 47 3839 ·
145 3809 229 3883 cap.
256 3784 296 3861 15
325 3813 361 3858 o.
393 3812 446 3860 ra.
476 3812 561 3862 cum
587 3788 697 3876 Solo,
715 3788 1007 3862 attremant
1025 3784 1230 3881 Indulgen-

144 3883 280 3956 tiurum
308 3884 402 3958 bene
421 3911 524 3982 posse
545 3891 564 3958 a
582 3886 811 3960 Confessario
836 3888 1089 3986 poenitentiam
1119 3886 1230 3960 dimi·

133 3982 235 4071 nui,
253 3980 368 4057 modo
394 3984 517 4083 aliqua
537 3986 769 4085 imponatur,
792 3988 877 4085 quia
898 4011 959 4083 per
977 4011 1057 4058 eam
1077 3990 1149 4083 jam
1163 3987 1228 4059 ln·
1281 3995 1288 4013 ⁸

140 4093 305 4183 teguntur
329 4081 632 4172 Sacramentum,
660 4098 702 4160 et
725 4088 856 4158 contra
882 4110 951 4190 per
972 4083 1227 4184 Indulgentiae
