2884 4684
248 251 352 365 'tte
373 274 446 343 Lib.
466 276 525 346 vi.
539 273 648 343 Trici.
665 274 725 346 tv.
741 232 793 343 lle
804 274 1007 345 Sammento
1021 274 1229 345 Paenitentia.
1295 226 1301 239 ι

267 386 433 485 negotiali
447 412 519 460 non
538 386 687 474 recedit,
711 390 810 487 quod
824 390 902 461 sint
922 406 1068 486 peccato
1090 391 1153 488 agi
1164 389 1259 462 nulla
1276 412 1336 460 roe

265 483 361 557 timu
374 485 550 581 prevalet.

316 581 425 655 secas
439 582 522 655 voro
536 580 736 657 dicendum
748 609 833 657 cam
848 583 989 658 Holzm.
1007 584 1044 657 d.
1062 611 1098 658 n.
1114 583 1198 659 583.
1210 585 1338 682 Laym.

267 678 314 751 de
331 683 435 755 Poen.
453 706 484 753 c.
502 688 528 772 4
544 708 581 755 n.
610 680 649 754 co
671 696 707 754 et
728 686 861 781 Sporor
878 710 978 755 num.
998 681 1079 759 326.
1103 710 1187 755 cum
1205 678 1338 754 Sanch.

264 774 355 868 Nar.
377 794 413 851 et
427 781 505 851 aliis
521 783 817 854 communissima
834 837 843 868 ‚
860 783 891 853 si
910 787 945 853 in
964 783 1132 878 praesenti
1149 781 1339 880 hujusmo-

267 874 308 947 di
338 880 519 973 poenitens
556 878 680 950 offerat
718 879 1003 952 extraordinaria
1036 882 1136 976 signa
1171 877 1340 966 doloris;

268 987 355 1049 tunc
371 976 468 1047 enim
488 982 557 1071 jam
574 976 722 1075 effulget
738 1003 821 1072 spes
839 978 1116 1050 emendationis.

208 1108 260 1176 45⁸
317 1072 387 1145 Hic
409 1100 476 1173 pro
496 1074 766 1175 complemento
783 1076 894 1173 halus
912 1078 1042 1175 puncti
1059 1076 1168 1148 refert
1184 1071 1340 1173 adjicere

210 1168 213 1183 '
268 1196 326 1259 ea,
353 1198 433 1266 qoae
457 1173 602 1245 tradidit
631 1175 675 1245 D.
699 1173 851 1248 Carolus
866 1166 1150 1248 Borromaeusin
1168 1174 1342 1245 instruct.

266 1269 460 1355 Goniatai
476 1276 553 1344 Act.
571 1272 815 1345 Mediolanen.
831 1300 867 1373 p.
883 1276 905 1364 l
923 1298 1001 1369 pag.
1014 1272 1087 1346 653
1104 1304 1114 1363 i
1130 1272 1192 1344 ubi
1210 1269 1340 1344 distin·

268 1394 383 1464 guens
409 1369 503 1441 inter
527 1372 734 1445 occasiones
757 1372 918 1470 proximi
941 1371 987 1443 do
1010 1398 1048 1444 so
1073 1370 1274 1444 inductivas
1293 1364 1342 1438 od

267 1484 461 1565 peccatum
478 1518 490 1556 r
507 1485 546 1540 ut
567 1485 620 1542 est
639 1471 740 1541 domi
761 1471 915 1543 retinere
935 1469 1203 1558 concubinam,
1221 1482 1258 1541 et
1276 1491 1343 1539 oc·

267 1566 430 1637 essiones
457 1569 637 1663 proximos
680 1567 831 1640 accendi
849 1567 898 1641 ob
921 1594 1070 1668 pravum
1091 1567 1256 1641 habitum
1273 1564 1345 1636 ali-

267 1667 375 1775 cujus
402 1664 482 1748 ‚sia
500 1665 590 1737 dixit
613 1696 621 1737 ε
645 1595 874 1739 docleatem
892 1669 928 1738 in
947 1667 1062 1765 claua
1086 1692 1134 1738 ea
1151 1665 1207 1737 leis
1237 1689 1342 1736 occa·

268 1760 423 1832 sionibus
450 1780 671 1857 certantem,¹
694 1765 733 1835 si
750 1790 875 1863 urgens
898 1764 944 1837 sit
966 1766 1026 1837 illa
1047 1763 1209 1851 occasio,
1235 1776 1273 1834 ut
1286 1756 1349 1860 qui

267 1860 498 1932 concubinam
514 1862 620 1934 aleret
635 1919 644 1951 ‚
661 1888 733 1953 nan
749 1863 851 1934 debet
863 1863 940 1935 sine
953 1862 1053 1935 dulei)
1072 1862 1265 1957 Corffessor
1281 1858 1344 1930 ab·

270 1958 402 2028 soluere
418 1961 433 2041 l
450 1958 637 2056 intellige,
656 1986 703 2032 oe
721 1962 836 2059 primo
857 1961 1007 2061 quidem
1025 1960 1105 2034 vioe
1119 1964 1132 2055 )
1146 2017 1156 2049 ‚
1168 1960 1240 2032 noi
1250 1956 1345 2029 hanc

267 2054 488 2128 occasionem
506 2061 614 2129 onted
628 2058 808 2130 sustulerit.
827 2060 899 2130 Pro
917 2060 994 2132 altis
1010 2064 1088 2131 cero
1105 2055 1345 2132 occasionibus

269 2155 419 2242 (minue
435 2152 756 2252 impellentibus),
773 2159 893 2255 qualos
909 2173 991 2230 sunt
1005 2158 1091 2230 olea
1111 2156 1266 2237 cucutia,
1284 2177 1344 2224 as·

265 2265 386 2346 pectus
405 2251 520 2327 meotis
533 2253 672 2350 pudici,
688 2254 857 2359 colloquia
872 2312 881 2341 ,
897 2273 1039 2353 gestus,
1057 2271 1120 2328 etc.
1140 2274 1212 2326 non
1228 2251 1346 2323 obsol-

271 2363 391 2438 eatur,
416 2346 487 2423 noi
506 2374 569 2422 eas
586 2352 755 2426 demittere
772 2353 944 2451 pandens
963 2355 1176 2448 polliceatur.
1197 2347 1348 2447 Quodsi

264 2443 341 2539 jam
356 2448 444 2518 altds
457 2448 711 2545 pollicitatae,
730 2477 797 2523 nec
810 2453 1015 2527 emendatus
1022 2449 1136 2545 fieerit
1148 2507 1158 2537 ‚
1172 2448 1342 2524 absolutio

269 2542 470 2637 differatur,
492 2546 604 2620 donec
621 2548 900 2621 emendationem
917 2549 1107 2646 agnorant.
1161 2598 1163 2601 -

319 2640 459 2716 Deinde
473 2644 542 2718 hae
559 2644 701 2719 addidit
721 2676 730 2717 :
748 2647 806 2718 De
821 2648 979 2743 operibus
992 2670 1068 2748 qua
1085 2649 1137 2720 ad
1151 2647 1279 2719 malum
1296 2645 1349 2716 in·

268 2740 419 2827 conant,
434 2757 475 2813 ut
485 2743 707 2821 saltationum
726 2744 959 2843 publicorum,
977 2746 1206 2841 improborum
1224 2743 1346 2816 'homi-

269 2862 377 2925 num,
407 2865 641 2935 cauponarum
666 2842 901 2941 frequentatio
925 2900 934 2929 ‚
964 2858 1000 2916 et
1021 2840 1091 2916 alra
1115 2834 1347 2937 hujusmodi,

268 2962 412 3034 quorum
426 2937 610 3015 occasione
624 2938 778 3013 sibama
791 2966 937 3035 peccare
953 2943 1192 3026 consueverit,
1209 2965 1347 3038 nequo·

270 3058 374 3130 quom
392 3034 493 3107 debet
510 3036 669 3125 absolui,
687 3039 763 3110 nisi
768 3040 919 3134 primum
939 3065 1019 3112 earn
1036 3039 1179 3111 omnino
1200 3037 1347 3110 deinde·

270 3130 323 3201 rit.
340 3130 443 3231 Quod
455 3132 492 3205 si
503 3131 711 3218 Confessori
724 3135 948 3233 cicamfuerit
960 3164 1010 3210 aa
1019 3138 1134 3236 petina
1151 3152 1214 3208 aut
1223 3162 1349 3209 secun·

270 3226 522 3326 dependentis
530 3233 798 3327 pollicitatione,
821 3251 857 3307 ct
872 3261 945 3309 non
958 3237 1108 3333 amplius
1120 3234 1232 3330 ipsum
1248 3259 1349 3306 occa·

254 3326 405 3400 'amnem
431 3327 526 3401 hanc
551 3328 772 3405 dimissurum
791 3390 800 3419 ‚
817 3333 944 3429 poten‘t
964 3359 1048 3405 eum
1064 3333 1240 3407 absolvere
1254 3357 1266 3414 ,·
1282 3330 1350 3403 ab·

271 3425 477 3498 sotooonem
506 3443 622 3500 autem
648 3431 812 3525 differat,
836 3430 872 3504 si
887 3428 1072 3530 promissis
1099 3456 1171 3502 non
1197 3428 1348 3520 steterit,

271 3523 384 3636 donec
405 3525 633 3603 emendatam
655 3527 796 3602 amnena
807 3528 932 3625 fucate
949 3530 1168 3605 occasionem
1191 3552 1349 3628 agnoce-

270 3638 326 3695 rtt.
1018 3682 1022 3699 .
1252 3650 1257 3658 “

321 3719 373 3793 Et
381 3719 461 3816 quia
469 3738 590 3816 potest
603 3723 804 3822 contingere
819 3780 828 3810 ‚
844 3728 1062 3820 utponitens
1072 3750 1151 3799 cum
1165 3722 1223 3795 his
1240 3721 1353 3796 omni·

272 3817 335 3890 lus
356 3820 379 3888 d
403 3818 614 3913 Corfissore
625 3822 816 3920 proposuit
840 3824 1061 3897 occasionem
1079 3849 1151 3895 non
1166 3822 1282 3919 poscit
1293 3820 1353 3892 di-

273 3916 405 3999 mittere
422 3916 499 3989 seiae
514 3919 668 4016 pen'rulo
690 3919 856 4023 intellige
872 3919 996 3994 domni
1012 3923 1096 3995 vitae
1113 3979 1121 4007 ‚
1144 3921 1274 4009 lamae,
1293 3918 1353 3993 vel

272 4010 456 4086 bonorum
473 4020 483 4093 l
499 4070 508 4100 ,
524 4033 588 4089 out
602 4019 799 4109 scandalo,
818 4018 920 4091 debet
938 4018 1102 4093 adlet'bere
1118 4017 1299 4099 remedia:
1318 4033 1357 4088 et

268 4111 382 4213 priona
397 4111 574 4210 dfflrater
594 4114 767 4195 absolutio
786 4120 802 4219 )
818 4112 1099 4220 intelligendam
1115 4118 1256 4196 etiamsi
1273 4139 1366 4217 poeet
