2884 4684
274 329 340 422 374
385 329 458 398 Lib.
475 330 534 400 vl.
552 328 661 399 Tract.
677 320 737 400 lt.
755 331 804 399 De
819 302 1021 399 sacramenia
1036 328 1246 397 Poenitentie.
1369 326 1372 337 ’

275 469 357 542 quae
376 468 447 515 nnn
474 444 620 515 suntin
653 464 757 532 esse,
784 442 823 516 iat
852 443 989 542 siquis
1016 440 1203 542 loquendo
1229 434 1350 537 proia-

273 539 376 614 bitur
396 542 433 612 in
450 539 716 639 blasphemias,
736 557 799 613 aut
815 541 991 615 versando
1008 542 1045 612 in
1067 539 1243 639 cauponis
1263 561 1351 634 pro·

274 640 414 739 rumpit
438 641 478 711 in
505 640 594 711 rixas
621 654 657 712 et
682 636 895 723 ebrietates,
917 654 980 712 aut
1005 636 1232 713 convivando
1264 650 1352 707 cum

224 759 229 781 ⁹
274 740 384 810 sociis
413 739 487 809 ruit
514 739 552 809 in
584 734 692 809 verba
715 752 753 810 et
771 739 1007 836 cogitationes
1042 737 1351 819 obscoenas,etc.
1415 736 1418 743 '

273 832 318 907 In
350 835 605 908 occasionibus
636 834 749 930 hujus
779 836 953 913 secunda
980 837 1145 935 specieb,
1178 858 1257 933 quae
1280 853 1355 901 aen

274 932 407 1005 suntt'n
431 958 511 1004 esse
526 987 535 1018 ,
553 932 647 1027 recte
665 933 775 1008 docet
799 937 823 1007 S
862 932 1042 1009 Carolus..
1065 932 1184 1034 quod,
1213 933 1242 1003 si
1269 951 1356 1028 poe·

274 1032 396 1103 nitens
427 1031 531 1104 firmi
558 1048 740 1132 proponat
771 1031 816 1105 ab
850 1034 901 1106 eis
933 1057 1091 1122 cavere,
1158 1031 1245 1101 ussit
1289 1051 1357 1122 per

275 1152 388 1201 unam
409 1144 470 1200 aut
487 1128 599 1219 duas,
620 1130 802 1229 etiamque
830 1145 901 1204 tres
925 1131 1020 1205 vices
1048 1057 1195 1202 abscisi.
1216 1124 1354 1220 Quod,

201 1264 203 1269 ·
275 1229 307 1300 si
340 1226 576 1326 postmodum
608 1224 812 1301 emendatio
842 1253 917 1302 non
949 1257 993 1328 ap
1024 1244 1122 1315 aret,
1161 1223 1298 1298 differri
1320 1225 1357 1298 ei

278 1324 388 1398 debet
413 1322 612 1411 absolutio,
635 1326 754 1403 donec
778 1327 839 1399 ille
866 1352 953 1400 cum
977 1256 1105 1401 aiiectu
1128 1325 1359 1397 occasionem

277 1422 517 1523 derelinquat.
531 1424 575 1496 In
588 1418 841 1499 occasionibus
858 1423 943 1497 verb
959 1428 1088 1524 prioris
1106 1424 1254 1524 speciei,
1268 1444 1356 1518 quae

209 1562 212 1571 ·
277 1536 361 1593 suat
375 1523 410 1592 in
425 1547 523 1611 asse,
541 1528 590 1595 ait
605 1523 639 1596 S.
651 1523 825 1609 Carolus,
842 1524 1081 1623 poenitentem
1098 1545 1218 1621 neque
1236 1521 1359 1618 primi

276 1621 357 1692 vice
377 1618 640 1697 absolventium
656 1627 670 1718 (
687 1646 937 1720 quascumque
957 1622 1213 1721 promissiones
1229 1615 1358 1716 profe-

279 1721 358 1807 rat)
376 1774 384 1802 ‚
404 1719 472 1790 nisi
490 1717 589 1815 priirs
602 1721 831 1792 occasionem
848 1736 1020 1791 amoveat.
1038 1722 1086 1792 Et
1099 1718 1360 1806 hancnsenten·

280 1816 369 1911 tiam
386 1840 516 1888 censeo
533 1823 547 1903 i
556 1817 683 1890 saltim
703 1816 883 1892 ordinarie
900 1817 1106 1916 loquendo)
1126 1811 1277 1888 omnino
1296 1836 1360 1884 se·

280 1913 467 2012 quendam
483 1938 492 2003 ;
510 1939 662 2014 eamque
679 1930 805 1988 tenent
817 1914 999 1987 Cardenus
1016 1917 1052 1985 in
1064 1917 1134 1988 Pro
1166 1970 1174 1988 .
1190 1913 1234 1987 61
1255 1910 1358 1983 dam.

277 2011 326 2087 ab
345 2012 473 2086 Innoc.
497 2012 559 2085 XI.
578 2036 661 2085 curn
679 2016 770 2086 Bon.
800 2012 924 2084 Villal.
946 2028 982 2085 et
999 2012 1114 2085 Candi
1147 2040 1191 2097 o·‚
1211 2010 1358 2082 Tourn.

279 2123 353 2183 ta
399 2111 510 2208 ·²5'i·
530 2109 616 2208 ch.
646 2111 995 2211 rConc.p.658n.
1022 2107 1360 2207 r.P.SegneriIn-

280 2233 331 2279 ar.
356 2137 461 2279 (iani
488 2233 522 2279 c.
544 2208 565 2281 5
584 2210 719 2282 Auctor
743 2208 828 2283 libr.
847 2210 908 2281 cui
929 2210 1056 2282 titulus
1075 2237 1084 2277 ε
1103 2207 1261 2279 Instruz.
1289 2230 1360 2305 per

279 2302 308 2377 li
327 2304 535 2378 Confessori‘
551 2306 689 2379 Novelli
707 2322 733 2381 t.
757 2335 769 2380 1
789 2336 826 2381 n.
843 2331 925 2407 227.
943 2309 1029 2380 item
1043 2308 1131 2380 Nar.
1147 2305 1242 2378 Man.
1258 2330 1292 2377 c.
1314 2303 1360 2378 16

279 2426 319 2476 n.
337 2428 384 2477 ao
397 2404 457 2475 ubi
478 2404 549 2476 ait:
569 2404 839 2477 Concubinarias
852 2402 1059 2479 cohabitans
1071 2402 1269 2477 concubina
1284 2426 1360 2473 non

279 2499 383 2573 debet
400 2500 551 2592 absolat',
570 2503 756 2600 antequem
768 2503 814 2574 ab
831 2530 874 2575 ea
884 2519 1071 2596 separetur.
1084 2504 1114 2574 C
1117 2497 1256 2573 oninch.
1274 2501 1310 2573 d.
1321 2503 1361 2575 8.

272 2598 325 2671 'de
342 2599 467 2672 Ponit.
488 2600 533 2670 de
553 2626 593 2698 ¹7
612 2616 649 2673 n.
669 2601 757 2673 Ι113.
776 2600 837 2673 ubi
858 2630 866 2670 :
885 2601 982 2689 Eos,
994 2601 1059 2699 qni
1073 2601 1189 2670 et’eant
1211 2597 1248 2669 in
1265 2612 1358 2669 cott-

280 2696 467 2781 catinam,
497 2697 590 2770 nialla
616 2697 719 2769 modo
747 2702 848 2770 extra
868 2722 986 2770 casum
999 2697 1117 2795 gravis
1139 2693 1361 2769 necesstiate&

282 2795 428 2890 expedit
439 2795 615 2866 absolaere
632 2794 844 2895 ,'aatequcirn
863 2793 1012 2889 desasto
1034 2808 1235 2894 separentur
1246 2795 1359 2867 Azor.

275 2917 315 2991 p.
333 2893 366 2962 8.
383 2894 406 2963 l:
427 2893 448 2965 3
465 2918 496 2965 c.
516 2894 537 2965 3
554 2919 588 2991 q.
616 2919 637 2966 a
655 2892 763 2987 Hesp.
777 2916 855 2967 non·
862 2919 972 2988 posse
997 2892 1086 2966 licite
1103 2918 1181 2966 eam
1196 2890 1360 2981 absolvi,

279 2992 468 3085 antequam
483 2989 528 3060 ab
545 3015 589 3063 ea
603 2995 618 3082 (
626 2990 767 3063 scilicet
789 2990 1022 3084 concubina)
1037 3005 1239 3087 separetur,·
1265 2990 1359 3061 item

267 3084 390 3189 iiodc,
405 3086 499 3185 Syn.
518 3087 705 3159 Fecnand.
721 3090 910 3189 Margarita
929 3145 937 3173 ‚
959 3104 1027 3162 ete.
1047 3117 1066 3162 a
1097 3087 1146 3161 ud
1169 3085 1246 3171 Pei,
1265 3085 1359 3162 dict.

268 3196 318 3258 n.
339 3186 379 3255 18
395 3209 435 3256 ex
447 3184 491 3257 D.
509 3185 712 3284 Augustino
728 3188 764 3259 in
780 3194 811 3261 οἱ
827 3187 1046 3275 satisfactio,
1058 3118 1245 3260 iePoenit.
1260 3187 1358 3261 Dist.

280 3284 315 3357 3.
332 3281 394 3354 ubi
413 3282 464 3354 sic
481 3281 571 3355 dicit
586 3313 607 3369 τι
617 3283 818 3379 Satt‘ssactio
841 3286 1050 3381 penitentia
1069 3301 1122 3357 est
1130 3300 1359 3400 peccatorum

265 3394 409 3453 ’causas
428 3380 620 3470 excidere,
647 3406 758 3482 neque
782 3408 900 3455 aarum
924 3382 1199 3482 suggestionibus
1225 3381 1360 3452 adeum

264 3477 463 3575 indulgere.
491 3477 590 3579 Ergb
613 3494 757 3553 tenetur
780 3486 961 3578 paenitens
985 3480 1068 3555 ante
1085 3478 1357 3554 absolutionem

279 3578 508 3650 occasionem
527 3578 691 3667 uitione,
709 3577 798 3657 alias
810 3578 1101 3679 suggestionibus
1120 3578 1259 3651 aditum
1279 3602 1356 3649 non

278 3670 535 3776 praeluderet.
564 3678 666 3749 Ratio
689 3703 717 3750 ι.
745 3677 857 3775 hujus
876 3678 1062 3751 sententie
1075 3681 1090 3769 (
1104 3693 1141 3750 ut
1157 3680 1206 3747 ait
1220 3675 1361 3765 Card.)

277 3774 423 3846 ridetur
436 3800 525 3862 esse,
537 3776 620 3873 quia
630 3776 752 3946 prima
766 3777 942 3849 sententia
958 3775 1099 3849 videtur
1116 3775 1258 3846 damin
1275 3799 1362 3875 prae·

260 3872 412 3944 'iataPn
422 3873 463 3945 δι
480 3872 525 3944 ab
538 3876 617 3945 Inn.
665 3874 691 3949 I.
702 3873 772 3945 sed
785 3875 863 3946 haec
874 3876 966 3946 ratio
976 3901 1048 3946 non
1064 3876 1262 3953 convincit:
1273 3897 1363 3943 nam

278 3970 382 4042 aliud
395 3986 445 4042 est
462 3998 566 4069 posse
581 3970 719 4043 absolvi
736 3996 819 4044 eum
834 4030 841 4052 .
859 3974 923 4074 qui
947 3973 1176 4045 occasionem
1196 3994 1267 4042 non
1291 3969 1364 4039 vult

276 4067 443 4149 omittere,
453 4086 493 4141 ut
504 4070 648 4143 dicebat
688 4070 1091 4168 copositiopliudssum,
1105 4071 1168 4170 qui
1184 4068 1267 4140 iicet
1281 4091 1361 4139 non

202 4216 212 4245 Ι
275 4097 1365 4258 reiitomittercantiabsolutionembcnetanrcnruitomit·

254 4297 258 4313 ·
273 4263 483 4340 tereatatim
492 4267 1016 4367 postabaointionem.Ratioa.
1030 4270 1114 4371 quia
1124 4282 1362 4371 preceptum
1377 4338 1378 4341 ,
