2884 4684
268 182 334 277 594
374 188 446 255 Lib.
463 188 522 259 vl.
539 190 647 258 Tract.
664 189 723 260 tv.
741 191 792 259 De
806 191 1008 260 Sacrameuto
1022 188 1235 258 i'reuitenn'a'.r

268 296 356 371 huic
370 300 460 373 lavet
479 302 525 375 Ν.
540 302 600 375 SS.
613 302 861 377 P.Beo.XIV.
873 309 912 377 in
924 331 988 378 sua
998 303 1112 403 Epist.
1126 303 1241 399 Ency.
1253 315 1351 397 qut

265 394 417 499 incipit,
435 401 659 498 Apostolica,
679 400 744 498 (in
760 401 896 496 Bullar.
916 420 945 477 t.
970 404 991 476 3
1018 431 1056 501 p.
1085 399 1215 498 143)§.
1235 423 1255 468 2
1272 388 1350 467 ubit

266 495 458 595 alloquens
477 497 743 587 Confessarios,
769 503 835 600 qui
859 527 902 573 ex
931 506 1024 574 ‘usta
1043 526 1150 573 causa
1169 496 1348 570 differunt

267 594 531 693 poenitentibus
550 598 818 672 absolutionem
833 655 842 687 ,
859 600 911 673 sic
929 528 1118 685 laortatur,
1134 596 1222 669 illos
1233 614 1348 692 quan·

266 692 422 784 tortitiis,
439 712 478 764 ut
492 710 718 781 revertuntur,
738 698 902 784 rhoden&
914 714 1018 798 atquc
1031 696 1170 768 aaztnos
1187 692 1344 774 addant>

266 806 305 862 ut
319 794 400 862 ante
418 793 560 865 redt'tnm
577 820 642 880 ca,
685 821 737 867 un
748 795 815 868 illis
829 796 970 894 agendo
976 787 1343 894 praescribuntur,.rr'td

260 889 469 985 perficiant.
493 916 542 962 ex
560 918 629 991 quo
636 822 729 990 λιι,
748 907 786 965 ut
804 897 854 965 od
866 893 1127 967 Sacramentole
1135 885 1261 983 sorum
1284 910 1343 955 re-

260 985 380 1084 gressi
382 986 608 1062 absolutionis
617 988 785 1086 beneficio
796 989 1038 1064 donenturnd
1050 1013 1234 1062 summum
1245 984 1349 1073 dico,

267 1083 536 1160 absolutionem
554 1087 796 1189 differendam
816 1115 932 1188 usque
951 1089 999 1162 ad
1016 1086 1237 1190 quindecim,
1250 1082 1342 1155 dies·

266 1181 345 1254 Dixi
371 1210 398 1256 r.
418 1186 447 1256 si
472 1190 652 1284 poenitens
669 1188 716 1261 sit
739 1188 903 1285 relapsus
923 1213 966 1259 ex
988 1213 1095 1259 causa
1115 1186 1309 1257 intrinseca
1328 1203 1344 1270 ;

267 1284 391 1354 nannai
405 1284 616 1357 reinciderit
630 1287 877 1359 ex'occesione
891 1287 1107 1361 extrinseca.
1122 1284 1223 1364 dico,
1237 1277 1346 1350 abso-

266 1378 404 1452 tionem
430 1382 582 1455 omnini)
603 1382 841 1458 differendam
862 1409 938 1457 esse
960 1381 1168 1484 usquedum
1191 1378 1346 1451 tollatur

268 1479 429 1568 occasio,
450 1482 478 1553 si
502 1483 548 1553 sit
570 1481 790 1564 voluntaria;
811 1488 840 1556 si
864 1484 949 1555 verti
974 1481 1199 1566 necessaria,
1221 1475 1346 1548 donec

267 1577 477 1747 Reticulum
497 1580 683 1652 recidendi
701 1607 743 1653 ex
760 1584 926 1679 proximu
942 1582 1005 1654 fiat
1021 1594 1212 1651 remotum.
1232 1575 1282 1646 Et
1296 1570 1348 1644 ad·

297 1701 353 1757 oc,
371 1676 556 1750 ordinarie
575 1680 610 1749 lo
639 1677 775 1762 nendo,
792 1681 975 1755 certeuou
989 1677 1143 1750 sufficiet
1158 1672 1283 1745 dilatio
1303 1696 1346 1743 ro

266 1772 325 1845 vel
347 1775 385 1847 15
406 1776 590 1864 dierum(
636 1776 693 1850 ide
711 1802 795 1877 quae
808 1778 965 1850 diximus
979 1774 1025 1849 de
1042 1777 1111 1846 hoc
1130 1785 1267 1872 puncto
1279 1793 1347 1841 su·

267 1875 332 1971 pri
351 1900 390 1943 n.
405 1876 489 1965 452.
505 1877 640 1966 Quaest.
658 1875 720 1947 Ill.
734 1894 748 1967 )
763 1878 843 1948 Dixi
859 1901 891 1946 2.
908 1872 1010 1963 rard,
1030 1899 1115 1944 nam
1133 1867 1349 1967 regulariter

269 1996 411 2059 censeo,
424 1998 497 2043 uon
509 1971 772 2045 discedendum
787 1977 805 2045 a
819 1976 997 2046 sententia
1010 1968 1199 2046 communi
1210 2021 1219 2048 ,
1232 1990 1353 2067 quam

269 2067 422 2140 tradunt
435 2069 568 2144 Sanch.
584 2070 672 2143 Dec.
692 2070 718 2140 l.
742 2098 761 2142 2
775 2097 808 2145 c.
822 2071 867 2143 32
882 2098 919 2143 u.
933 2071 992 2163 45.
1007 2070 1131 2170 Laym.
1146 2092 1177 2139 c.
1194 2064 1271 2137 611.
1291 2088 1348 2136 ro.

268 2167 371 2262 Lago
392 2166 427 2240 d.
449 2174 489 2260 ¹l
503 2196 539 2242 n.
564 2166 640 2241 106.
655 2167 740 2242 Fill.
753 2184 796 2241 tr.
811 2192 844 2267 7.
861 2170 1030 2241 instruct.
1048 2196 1079 2240 c.
1099 2167 1120 2239 3
1146 2162 1281 2261 Abelly
1298 2160 1354 2233 de

267 2267 371 2338 Poen.
389 2292 422 2339 c.
438 2268 459 2338 5
477 2294 508 2338 s.
529 2293 574 2339 2ο
596 2292 632 2339 n.
653 2266 687 2339 3.
707 2268 847 2340 Dicant.
867 2268 904 2338 d.
930 2293 971 2340 ro
986 2265 1074 2339 dub.
1090 2289 1148 2362 29.
1165 2262 1258 2335 Nar.
1273 2286 1306 2333 c.
1324 2260 1356 2334 3.

267 2390 304 2435 n.
329 2389 383 2435 ar.
400 2365 507 2436 Croix
524 2393 560 2437 n.
587 2369 677 2439 1822
696 2389 780 2438 cnm
800 2366 992 2439 communi
1013 2381 1053 2436 ut
1070 2361 1215 2450 asserit,
1233 2357 1347 2431 Salm.

268 2488 300 2534 c.
322 2464 343 2536 5
364 2488 399 2533 n.
419 2464 481 2538 68.
506 2464 639 2563 Sporer
656 2490 688 2536 c.
710 2489 783 2535 an.
808 2464 886 2538 130.
903 2462 987 2536 Tot.
1008 2460 1031 2534 l.
1053 2461 1126 2534 50.
1154 2455 1349 2557 r3uempe

268 2587 341 2634 oon
362 2586 437 2633 esse
463 2560 703 2634 differendam
730 2560 999 2635 absolutionem
1024 2559 1218 2659 poenitenti
1242 2613 1252 2640 ,
1282 2555 1351 2654 qui

267 2659 432 2759 relapsus
447 2675 502 2732 est
520 2681 563 2734 ex
578 2661 775 2732 intrinseca
796 2659 1014 2756 fragilitate,
1063 2658 1119 2729 uia
1136 2661 1175 2731 in
1194 2654 1257 2728 tali
1274 2678 1352 2753 poe·

266 2760 407 2831 nitente
425 2759 535 2855 magis
547 2759 782 2856 sperandum,
801 2685 1120 2857 profuturamlore
1131 2753 1353 2855 gratiamSa·

268 2858 445 2929 crementi
464 2913 473 2941 ,
494 2862 606 2956 quim
624 2857 837 2929 dilationem
854 2854 1108 2929 absolutionis.

213 3019 260 3088 Μ
316 2955 387 3026 Sed
410 2954 525 3038 dices,
545 2982 613 3026 cur
632 2953 834 3027 differenda
859 2970 913 3029 est
931 2952 1112 3027 absolutio
1133 2949 1350 3051 poenitenti,

268 3055 333 3153 qui
352 3070 407 3125 est
423 3054 461 3124 in
479 3054 667 3127 occasione
680 3057 902 3142 extrinseca,
918 3070 955 3125 et
971 3076 1044 3125 uon
1059 3050 1132 3135 illi,
1147 3052 1211 3149 qui
1225 3046 1354 3146 relap-

268 3177 329 3225 sus
349 3166 456 3224 estes
473 3178 579 3248 parra
597 3149 884 3240 consuetudine,
900 3178 986 3226 cum
1004 3149 1133 3222 eodem
1151 3145 1263 3220 modo
1279 3147 1353 3219 im·

268 3249 383 3350 pellat
398 3249 444 3320 ud
458 3248 685 3347 peccandum
698 3251 839 3322 occasio
853 3254 1065 3333 extrinseca,
1075 3271 1117 3320 ac
1164 3271 1245 3317 rara
1261 3269 1355 3316 cou-

269 3347 427 3420 suetudo
438 3347 715 3448 illespondotnr
726 3378 733 3418 :
746 3347 829 3421 Alio
839 3348 989 3448 quidem
1006 3346 1114 3446 longe
1126 3274 1269 3418 diverso
1277 3368 1357 3414 mo-

268 3445 317 3518 do
327 3448 373 3518 ad
386 3462 576 3546 peccatum
590 3447 752 3544 impellit
764 3448 908 3519 occasio
923 3445 1257 3543 extrinseca,quam
1271 3467 1355 3540 pra·

167 3618 170 3621 ,
267 3573 335 3618 vus
361 3544 525 3636 habitus3
546 3547 691 3618 occasio
716 3546 816 3616 enim
843 3571 909 3646 per
936 3545 1071 3642 obiecti
1095 3541 1355 3643 praesentiam,

270 3673 351 3745 quae
375 3643 512 3719 vividas
535 3645 669 3717 excitat
690 3644 947 3741 cogitationes,
971 3642 1207 3717 vehementer
1230 3651 1356 3711 movet

268 3770 405 3831 acinus⁸
417 3769 550 3840 pronos
566 3742 612 3813 ad
627 3742 880 3840 peccandum,
897 3740 1146 3839 affectumque
1160 3738 1207 3810 ad
1224 3762 1358 3837 pecca·

271 3858 349 3914 tum
367 3842 490 3915 reddit
515 3842 778 3928 intensiorem,
799 3856 836 3913 et
855 3838 938 3913 ided
957 3840 1139 3938 poeuitens
1158 3838 1357 3909 maximam

271 3939 341 4012 sibi
365 3942 437 4014 rim
469 3940 602 4012 inferre
625 3938 757 4027 debet,
782 3936 1004 4012 nonaullam
1032 3936 1079 4010 ad
1106 3932 1357 4036 superandam

273 4041 533 4128 tentationem,
553 4037 618 4113 sed
635 4037 807 4116 etiamad
828 4035 1062 4127 conandum,
1082 4052 1122 4110 ut
1143 4030 1356 4136 periculum
