2884 4684
245 235 329 331 'tto
371 258 444 327 Lib.
464 260 523 330 vt.
537 257 646 327 Troos,
663 259 722 330 tv.
738 260 790 327 De
801 258 1004 329 &nomento
1018 258 1227 330 Paenitentia.
1293 212 1299 223 ·

265 369 431 469 negotiali
445 396 517 444 nan
536 371 685 458 recedit,
709 374 807 471 quod
822 374 900 445 sini
920 390 1066 470 peceato
1088 376 1151 472 agi
1162 374 1256 447 nulle
1274 397 1336 445 ca«-

263 467 358 541 tione
372 469 548 564 prevalet.

314 564 423 638 Scelus
437 565 520 639 vero
533 564 734 641 dicendum
745 593 830 641 cum
845 567 986 643 Holzm.
1003 567 1042 641 d.
1059 595 1096 642 n.
1111 568 1195 644 583.
1207 570 1338 668 Loym.

266 661 312 735 de
328 667 433 738 Poen.
451 690 482 737 c.
500 672 526 756 4
542 693 579 741 n.
607 665 647 738 so
668 680 705 738 et
725 670 858 765 Sporus
875 694 975 739 stum.
995 665 1077 743 326.
1100 694 1189 740 oum
1202 663 1338 739 Sanch.

262 758 353 851 Noc.
375 779 411 835 et
424 765 503 835 ullis
519 766 815 838 communisstme
831 820 840 853 ‚
858 767 888 837 si
907 772 942 837 in
961 767 1129 862 presenti
1147 766 1340 865 hujusmo·
1396 826 1398 830 .

265 857 305 930 di
336 864 517 957 poenitens
553 862 677 934 afferat
716 864 1000 936 extraordinaria
1033 868 1134 961 signu
1168 861 1305 936 doloris
1328 883 1340 952 ς

266 970 353 1029 tunc
369 960 466 1031 enim
486 966 554 1055 jans
571 961 720 1058 effulget
736 987 818 1057 spes
836 963 1113 1035 emendationis.

204 1092 258 1159 ⁴⁵⁸
315 1056 385 1129 Hic
407 1084 474 1157 pro
494 1058 763 1159 complemento
781 1060 891 1157 holus
909 1063 1039 1159 puncti
1056 1061 1166 1133 refert
1182 1056 1340 1158 adjicere

207 1150 211 1167 '
266 1179 324 1242 ea,
351 1182 431 1250 quse
455 1157 599 1229 tradidit
628 1159 672 1229 D.
697 1157 848 1232 Carolus
864 1151 1147 1232 Borcomaeusin
1165 1159 1342 1230 Instruct.

264 1252 426 1327 contos.
437 1261 458 1338 ‚l
474 1262 550 1327 Act.
569 1255 812 1329 Mediolanum
828 1284 864 1357 p.
880 1259 903 1348 l
920 1282 999 1354 pag.
1011 1257 1084 1330 653
1101 1288 1111 1347 ,t
1127 1256 1189 1328 ubi
1207 1254 1339 1328 distin·

266 1377 381 1447 gneus
406 1352 500 1425 inter
524 1357 732 1428 occasiones
754 1356 916 1453 proxime
938 1355 985 1427 do
1007 1381 1045 1428 se
1070 1354 1271 1428 inductivas
1291 1349 1341 1423 ad

265 1467 458 1548 peccatum
475 1500 488 1539 ,
504 1468 543 1523 ut
565 1468 618 1524 est
636 1454 738 1524 domi
758 1454 913 1527 retinere
932 1453 1200 1541 concubinam,
1219 1467 1255 1525 et
1273 1476 1343 1524 oc·

265 1549 427 1620 essiones
455 1552 635 1646 proximos
677 1550 829 1624 eceandi
847 1551 895 1624 ob
918 1578 1066 1652 pravum
1088 1551 1253 1625 hobitum
1271 1548 1344 1620 att-

265 1650 372 1744 cujus
400 1647 480 1731 ,sie
497 1648 588 1720 dixit
611 1680 619 1720 ε
643 1578 871 1722 impetentem
890 1653 925 1721 in
944 1651 1059 1748 alioue
1083 1676 1131 1722 es
1148 1649 1204 1721 bis
1235 1673 1342 1721 occa-

265 1742 421 1815 sionibus
448 1763 668 1838 nerscntcm,'
692 1748 730 1819 si
747 1773 872 1846 urgens
895 1746 942 1820 sit
963 1749 1024 1820 illa
1044 1747 1206 1836 occasio,
1232 1760 1271 1818 ut
1283 1741 1348 1845 qui

265 1843 495 1915 concubinam
512 1845 641 1935 aleret,
658 1871 731 1918 non
746 1846 848 1917 debet
860 1847 937 1918 sine
950 1845 1051 1919 dubio
1069 1846 1263 1941 Confessor
1279 1842 1344 1915 ab·

267 1940 400 2011 solvere
416 1945 430 2022 l
448 1941 634 2039 intellige,
653 1968 700 2015 ue
718 1945 833 2042 primo
854 1944 1004 2044 quidem
1023 1944 1102 2018 vice
1116 1948 1129 2039 )
1143 2001 1153 2033 ,
1165 1944 1237 2016 nisi
1247 1940 1345 2014 banc

265 2037 486 2110 occasionem
503 2044 611 2112 untcd
625 2041 806 2113 sustulerit.
824 2043 896 2114 Pro
914 2043 991 2115 altis
1007 2047 1085 2114 cerel
1102 2040 1344 2116 occasionibus

266 2137 417 2225 (minus
432 2135 728 2235 impellentibus)
743 2195 753 2227 ,
770 2142 890 2238 qualus
906 2155 988 2213 sunt
1003 2142 1089 2214 olea
1108 2140 1262 2221 vacatio,
1281 2162 1343 2209 as·

262 2248 384 2329 pectus
402 2234 517 2309 miuus
530 2237 669 2332 pudici,
685 2237 854 2336 colloquia
870 2296 878 2324 ,
894 2256 1036 2336 gestus,
1054 2256 1118 2312 etc.
1137 2258 1209 2311 non
1225 2236 1345 2308 absol-

268 2346 388 2420 vatur,
413 2330 485 2407 nt'si
503 2357 566 2405 eas
583 2335 752 2409 demetere
769 2334 942 2434 ponticus
960 2338 1173 2431 polliccatur.
1194 2332 1348 2431 Quodsi

261 2425 338 2521 jam
353 2430 441 2500 altis
454 2431 628 2527 pollicitus
640 2433 708 2519 sit,
727 2460 794 2506 nec
807 2437 1012 2510 emendatus
1019 2433 1133 2528 fleuit
1145 2490 1155 2522 ,
1169 2433 1342 2508 absolutio

266 2523 468 2619 differatur,
489 2529 601 2602 donec
618 2531 897 2604 emendationem
914 2533 1104 2630 agnocen't.

316 2622 456 2698 Deinde
470 2626 540 2701 hac
556 2627 698 2702 addidit
718 2659 728 2700 ε
745 2630 803 2701 Dc
818 2631 976 2727 operibus
990 2654 1065 2731 qua
1082 2632 1134 2704 ud
1148 2631 1277 2703 malum
1293 2628 1349 2700 in·

265 2722 416 2809 eleuant,
432 2739 471 2796 ut
483 2727 704 2805 saltationum
723 2728 956 2825 publicatum,
974 2730 1203 2824 improborum
1221 2727 1346 2801 'bomi-

266 2844 374 2908 num,
404 2848 639 2920 cauponarum
663 2826 898 2925 frequentatio
922 2884 932 2912 ,
961 2842 997 2900 et
1018 2822 1088 2900 alia
1112 2818 1346 2921 hujusmodi,

265 2944 409 3017 quorum
424 2922 607 2999 occasione
621 2923 658 2996 si
668 2923 775 2998 bomo
788 2950 934 3019 peccam
949 2925 1189 3010 consuecen't,
1206 2949 1346 3022 nequa·

267 3041 371 3113 quum
389 3018 491 3091 debet
507 3019 666 3108 absolvi,
685 3022 760 3093 nisi
765 3024 916 3118 primum
935 3048 1016 3095 cam
1033 3024 1175 3095 omnmo
1197 3022 1346 3094 diuise·

267 3115 320 3183 rit.
337 3114 440 3214 Quod
453 3116 490 3188 si
501 3114 708 3201 Confhsson‘
720 3118 945 3216 cisumsuccit
957 3147 1007 3193 ce
1015 3122 1131 3220 primu
1148 3136 1210 3193 aut
1220 3146 1347 3194 secun·

267 3209 315 3282 da
322 3211 519 3309 paeoc’tcntis
526 3216 794 3311 pollicitatione,
817 3235 853 3290 et
869 3244 942 3292 non
955 3220 1104 3317 ampb'us
1116 3218 1229 3313 ipsum
1245 3244 1347 3291 occa·

268 3308 402 3383 sionem
429 3309 523 3384 banc
548 3312 768 3389 dimissurum
788 3373 797 3401 ,
814 3316 941 3412 poterit
961 3343 1045 3389 cum
1061 3316 1264 3398 absolvam
1280 3315 1346 3388 ab·

268 3407 474 3481 solutionem
503 3427 619 3482 autem
645 3414 809 3508 (inierat,
833 3414 869 3486 si
884 3411 1069 3513 promissis
1096 3439 1167 3487 non
1196 3413 1345 3505 steterit,

268 3505 382 3618 donec
403 3507 630 3585 emendatam
651 3510 792 3584 amotos
804 3510 929 3608 fuisse
947 3513 1165 3588 occasionem
1188 3537 1345 3612 agnove-

267 3620 323 3675 nt.
1015 3666 1019 3682 .
1105 3620 1108 3625 ⁸
1249 3634 1253 3641 “

319 3701 371 3775 Et
379 3701 459 3800 quia
467 3721 587 3799 potest
601 3706 800 3806 contingere
815 3765 824 3795 ,
840 3726 879 3780 ut
885 3710 1059 3805 penitens
1069 3734 1148 3783 cum
1162 3706 1220 3780 bis
1237 3706 1349 3781 amni·

269 3799 333 3872 bus
354 3802 377 3870 tl
400 3800 612 3895 Cocffessocc
622 3806 812 3903 propositis
836 3808 1058 3881 occasionem
1076 3833 1148 3879 non
1163 3806 1279 3903 possit
1290 3806 1349 3878 dt-

270 3899 402 3981 enittere
419 3898 497 3972 sene
513 3902 665 3999 periculo
688 3903 851 4007 intellige
869 3905 993 3979 domni
1009 3907 1118 3993 vitae,
1141 3905 1271 3996 lemae,
1291 3905 1350 3980 vel

269 3992 453 4069 bonosum
470 4002 481 4075 l
496 4053 506 4083 ,
521 4017 585 4073 aut
599 4004 795 4093 scandalo,
814 4002 917 4076 debet
935 4002 1270 4078 adbibere'remcdia
1285 4031 1296 4085 ,·
1315 4018 1353 4074 et

265 4093 380 4195 pn'mo
395 4094 572 4192 effictos
592 4098 763 4178 absolutio
782 4103 798 4202 )
814 4098 1096 4205 intelligendum
1112 4103 1253 4182 etitmsi
1270 4125 1361 4203 poeet
