2884 4684
259 272 302 343 ba
436 304 445 319 ·
473 270 546 343 Lib.
564 272 624 341 Vl.
640 272 750 346 Tract.
766 272 824 339 111.
841 273 891 341 De
906 270 1123 343 Eucharistia.
1178 280 1185 301 ”
1212 339 1216 347 ,

259 389 368 481 copus
380 406 495 455 meum
509 415 521 455 .·
534 386 584 457 ita
596 383 740 456 Croiel.
756 384 782 456 6
795 410 831 479 p.
858 410 870 456 1
889 410 929 457 n.
938 384 998 457 36.
1011 409 1090 455 cum
1101 381 1204 455 Suar.
1217 379 1339 479 luge.

261 497 297 553 et
315 480 397 557 aliia
418 485 686 571 communiter3
713 487 851 581 pariter
876 507 919 553 ac
943 480 1103 554 diximus
1124 506 1161 554 rr.
1195 490 1274 553 sr‘oss
1293 479 1369 577 de·

260 580 474 675 Bopn'srno,
495 594 545 652 e'x
566 604 598 656 c.
623 581 829 653 Retulernnt
843 579 979 674 Druna}
1003 579 1052 649 de
1076 580 1247 651 Consesr,
1271 573 1342 649 nbi

261 678 455 757 Zacharias
475 680 573 778 Papa
595 678 794 754 declaravit
819 675 986 750 validum
1006 676 1236 777 Baptismnm
1260 672 1339 749 col-

262 775 379 855 latum
393 778 430 848 in
444 779 585 851 nonnae
595 778 732 864 Petraia,
745 776 839 847 Filia
853 790 918 848 etc.
935 775 1053 862 Ratio,
1068 777 1158 877 quia
1167 798 1274 847 voces
1289 771 1342 844 in

264 878 473 949 consutum
485 890 595 964 sunt,
616 889 656 949 ut
674 877 705 949 si
722 871 924 973 aliquandi
943 899 1032 947 cum
1050 876 1137 947 vitio
1158 870 1353 974 proferan-¹

263 987 345 1059 tur,
369 972 469 1047 idem
488 974 717 1073 significent,
737 973 872 1047 sufficit
887 972 1007 1062 enim,
1026 987 1069 1046 ut
1083 969 1191 1049 verba
1212 970 1364 1067 formae,

264 1069 426 1149 habeant
442 1097 593 1153 ,sensum
618 1077 639 1146 a
666 1071 813 1147 Christo
835 1072 1019 1147 intentum
1033 1096 1044 1163 3
1062 1068 1166 1143 aecius
1180 1070 1212 1142 si
1226 1067 1344 1142 alium

262 1182 415 1245 aeneum
438 1170 636 1257 baberent,
659 1185 701 1245 ut
721 1171 755 1244 si
773 1171 856 1271 quis
872 1168 1027 1256 diceret,
1039 1168 1140 1257 Hie(
1151 1165 1344 1240 adverbia-

265 1267 350 1345 liter
366 1267 536 1367 prolato)
552 1286 608 1343 est
622 1295 748 1365 corpus
772 1294 911 1354 meum,
927 1267 1039 1368 proiit
1056 1262 1166 1341 docet
1173 1264 1210 1338 S.
1231 1263 1301 1336 Th.
1319 1264 1345 1337 3
1374 1336 1377 1345 ,

256 1383 355 1474 part.
382 1394 413 1460 q.
435 1366 484 1439 60
500 1381 567 1442 aar.
587 1371 624 1443 8.
643 1365 778 1441 Validb
797 1367 907 1439 etiam
919 1379 1175 1452 consecraret,
1194 1361 1353 1533 2ιίαά-Ι

267 1466 371 1538 deret
385 1463 496 1541 verbu
510 1488 659 1547 sensnm
676 1491 751 1541 non
767 1466 1062 1565 corrumpentia,
1077 1470 1112 1537 r.
1128 1490 1183 1563 gr.
1237 1487 1278 1533 oc
1290 1475 1350 1533 est

264 1584 395 1659 eorpus
408 1590 525 1635 meum
550 1565 653 1645 reale.
672 1563 785 1639 Senias
800 1622 809 1647 ,
825 1564 855 1637 oi
870 1561 1010 1637 diceret
1026 1561 1135 1636 :Hoc
1152 1576 1207 1633 est
1217 1585 1349 1657 corpus

267 1687 382 1733 meum
410 1662 602 1761 figuratum.
626 1663 677 1737 Et
695 1664 743 1735 ita
769 1666 905 1765 pariter
920 1660 1081 1738 invalide
1095 1673 1350 1743 consecraret,

268 1761 298 1832 si
327 1761 410 1859 quis
434 1761 574 1835 diceret
601 1788 611 1831 z
635 1759 734 1833 Hoc·
748 1785 790 1834 co
830 1787 872 1832 us
897 1776 953 1833 est
976 1782 1122 1846 meum,
1151 1759 1192 1830 iat
1215 1757 1349 1845 dicunt

268 1858 372 1955 Bon..
391 1858 501 1935 Conc.
526 1857 702 1943 Antozire,
721 1874 758 1931 et
780 1786 903 1948 bplbel,
925 1858 1010 1957 quia
1031 1882 1098 1970 per
1125 1856 1206 1929 hac
1235 1853 1350 1929 verba

270 1957 630 2128 neppoignilicaretur
655 1954 994 2043 transubstantiatio
1013 1981 1119 2055 ponta
1141 1956 1181 2028 in
1209 1978 1349 2053 corpus

329 2069 419 2128 matr.
987 2112 989 2119 .

320 2155 457 2225 Dicunt
472 2134 584 2229 datm.
599 2179 634 2225 c.
652 2152 675 2231 5
691 2178 728 2226 rr.
752 2151 794 2225 16
805 2152 984 2233 oumSoto
996 2150 1254 2253 repellendum
1269 2173 1350 2221 csse

273 2251 512 2347 scrupulum,
532 2253 658 2352 siquis
674 2252 753 2326 vice
769 2276 895 2347 corpus
915 2275 1030 2322 meum
1045 2248 1209 2350 proferat
1222 2250 1350 2360 corpus

271 2375 389 2421 menn.
414 2352 551 2424 Pariter
564 2353 627 2439 ,ai
654 2376 722 2449 pro
742 2366 823 2434 est,
848 2349 1011 2447 proferat
1024 2374 1092 2433 es,
1120 2345 1352 2422 utDrirn.1b.

272 2449 309 2520 Si
329 2474 396 2547 pro
414 2450 534 2532 cubic,
557 2448 663 2522 dicat*
676 2447 764 2523 calr‘s
781 2504 791 2536 ,
808 2462 850 2519 ut
868 2448 983 2519 Henr.
1003 2446 1040 2518 Si
1058 2473 1124 2545 pro
1141 2442 1351 2541 sanguinis,

268 2545 431 2718 pelam
457 2545 641 2644 sanguinis
652 2571 666 2633 ,⁶
692 2548 753 2645 (et
774 2543 880 2616 Sosus
907 2545 978 2640 hoc
1004 2558 1157 2617 excusat
1183 2542 1230 2621 ab
1246 2545 1352 2614 omni

274 2671 294 2723 t
366 2671 406 2731 a,
428 2645 494 2717 etsi
514 2647 703 2719 omittatur
716 2642 907 2742 diligentia
924 2641 972 2715 ad
985 2641 1249 2741 proferendum
1265 2638 1355 2714 :sed

278 2672 412 2817 melius
429 2744 574 2835 Diana,
590 2740 721 2814 Leond
731 2757 795 2815 etc.
813 2756 989 2814 excusant
1005 2740 1149 2817 tantbm
1168 2745 1188 2813 a
1206 2737 1357 2814 mortali

275 2847 376 2940 apud
391 2839 502 2918 Solm.
515 2865 552 2912 n.
576 2840 789 2938 17.)Ratio‚
808 2841 894 2939 quia
905 2842 947 2912 in
962 2839 1021 2912 his
1037 2855 1201 2913 remanet
1214 2836 1355 2924 forma,

276 2954 312 3011 et
329 2941 546 3036 significatio
569 2936 842 3026 substantialia,
874 2963 962 3010 cum
988 2937 1235 3010 communiter
1258 2950 1358 3009 tunc

272 3035 361 3109 culis
378 3037 459 3111 verb
478 3038 704 3137 percipiatur
721 3030 790 3136 pro
806 3035 921 3126 calis,
936 3049 973 3107 ct
988 3036 1041 3108 sic
1055 3037 1103 3107 de
1116 3037 1212 3111 aliis.

324 3131 563 3220 Notandum,
580 3133 705 3235 quod,
722 3137 753 3208 si
769 3133 946 3208 Sacerdos
965 3130 1244 3217 distrahaturin
1262 3157 1358 3205 con-

278 3231 443 3306 ficiendis
462 3232 730 3322 sacramentis,
750 3235 808 3307 rix
826 3234 904 3307 lieri
925 3236 1062 3331 possit,
1081 3249 1122 3306 ut
1144 3234 1383 3305 sacramen?

274 3346 356 3402 tum
377 3331 553 3404 reddatur
574 3330 777 3404 invalidum
798 3333 845 3403 ob
862 3328 1137 3405 distractionem
1161 3330 1321 3403 ministsi
1343 3355 1356 3417 ς

256 3498 259 3505 .
276 3431 348 3503 nisi
368 3428 559 3505 distractio
573 3447 666 3503 esset
678 3430 824 3516 totalis,
840 3431 892 3503 ait
905 3430 1015 3502 Croiu
1028 3430 1087 3502 lib.
1100 3429 1125 3502 6
1140 3456 1177 3521 p.
1203 3455 1215 3502 ι
1237 3454 1276 3499 n.
1293 3430 1355 3503 85.

278 3526 349 3601 Sed
366 3530 462 3602 hanc
479 3529 737 3601 limitationem
751 3528 903 3603 minimi
922 3553 1000 3618 esse
1019 3527 1247 3626 probabilem
1269 3553 1360 3627 pro·
1379 3536 1384 3541 '

277 3627 499 3701 bavimusn.
525 3630 566 3721 14
581 3627 626 3697 de
641 3626 799 3701 Sacram.
814 3627 850 3699 in
863 3652 944 3725 gen.
963 3626 1004 3698 ln
1020 3623 1260 3701 conficiendis
1274 3622 1363 3701 aliis

279 3724 550 3814 sacramentis,
590 3726 756 3798 minister
796 3722 1001 3796 volontarii
1034 3723 1251 3813 distractus,
1283 3748 1363 3796 non

280 3823 833 3926 peccat'pluaquamvenialiter,
852 3839 894 3897 ut
907 3821 995 3895 dicit
1012 3822 1138 3906 Gobot,
1152 3848 1237 3898 cum
1251 3848 1361 3895 com-

279 3925 387 4002 muni
408 3922 507 4024 apud
526 3921 638 3995 Croiae
660 3924 685 3993 l.
715 3946 749 3995 e.
773 3919 846 3995 Sed
873 3918 1008 3995 ibidem
1028 3921 1156 3997 'Tama‘
1184 3919 1338 3994 advertit
1350 3977 1373 4021 ,Α

282 4020 383 4121 qnod
397 4024 439 4111 in
450 4021 699 4108 consecranda
709 4018 938 4094 Eucharistia
948 4021 1124 4096 Sacerdos
1131 4017 1334 4101 voluntarie
1348 4075 1358 4107 ,

282 4135 318 4195 et
347 4119 578 4195 advertenter
603 4118 798 4196 distractus
819 4175 831 4212 ,
856 4121 997 4195 ratione
1022 4121 1138 4221 grauia
1160 4119 1367 4195 iusseran-

285 4220 368 4311 tia,
386 4221 540 4319 graviter
559 4231 742 4319 peccaret.
1163 4228 1168 4233 ’
