<?xml version="1.0" encoding="UTF-8"?>
<!DOCTYPE html PUBLIC "-//W3C//DTD XHTML 1.0 Transitional//EN"
    "http://www.w3.org/TR/xhtml1/DTD/xhtml1-transitional.dtd">
<html xmlns="http://www.w3.org/1999/xhtml" xml:lang="en" lang="en">
 <head>
  <title>
</title>
<meta http-equiv="Content-Type" content="text/html;charset=utf-8" />
  <meta name='ocr-system' content='tesseract 3.04.00' />
  <meta name='ocr-capabilities' content='ocr_page ocr_carea ocr_par ocr_line ocrx_word'/>
</head>
<body>
  <div class='ocr_page' id='page_1' title='image "./theologiamorali08ligugoog_0060.png"; bbox 0 0 2884 4684; ppageno 0'>
   <div class='ocr_carea' id='block_1_1' title="bbox 249 224 1152 362">
    <p class='ocr_par' dir='ltr' id='par_1_1' title="bbox 249 224 1152 362">
     <span class='ocr_line' id='line_1_1' title="bbox 249 224 1152 362; baseline -0.009 -10"><span class='ocrx_word' id='word_1_1' title='bbox 249 224 253 229; x_wconf 70' lang='lat'><strong><em>&#39;</em></strong></span> <span class='ocrx_word' id='word_1_2' title='bbox 291 244 339 351; x_wconf 57' lang='lat' dir='ltr'><strong>bd</strong></span> <span class='ocrx_word' id='word_1_3' title='bbox 480 254 484 263; x_wconf 41' lang='grc'>’</span> <span class='ocrx_word' id='word_1_4' title='bbox 507 278 583 362; x_wconf 78' lang='lat' dir='ltr'><strong>Lib.</strong></span> <span class='ocrx_word' id='word_1_5' title='bbox 600 279 659 349; x_wconf 82' lang='lat' dir='ltr'><strong>Vl.</strong></span> <span class='ocrx_word' id='word_1_6' title='bbox 676 257 1152 348; x_wconf 77' lang='lat' dir='ltr'><strong>Traer.tt1.ueEuchartstn.</strong></span> 
     </span>
    </p>
   </div>
   <div class='ocr_carea' id='block_1_2' title="bbox 215 384 1391 3521">
    <p class='ocr_par' dir='ltr' id='par_1_2' title="bbox 215 384 1391 3521">
     <span class='ocr_line' id='line_1_2' title="bbox 288 384 1374 480; baseline 0.006 -19"><span class='ocrx_word' id='word_1_7' title='bbox 288 398 384 464; x_wconf 72' lang='lat' dir='ltr'><strong>trum</strong></span> <span class='ocrx_word' id='word_1_8' title='bbox 407 388 507 463; x_wconf 88' lang='lat' dir='ltr'><strong>enim</strong></span> <span class='ocrx_word' id='word_1_9' title='bbox 523 391 584 464; x_wconf 86' lang='lat' dir='ltr'><strong>hio</strong></span> <span class='ocrx_word' id='word_1_10' title='bbox 608 415 712 463; x_wconf 84' lang='lat' dir='ltr'><strong>casus</strong></span> <span class='ocrx_word' id='word_1_11' title='bbox 739 388 920 463; x_wconf 70' lang='lat' dir='ltr'><strong>rarissimi</strong></span> <span class='ocrx_word' id='word_1_12' title='bbox 950 389 1114 480; x_wconf 83' lang='lat' dir='ltr'><strong>accidat,</strong></span> <span class='ocrx_word' id='word_1_13' title='bbox 1141 384 1374 467; x_wconf 78' lang='lat' dir='ltr'>consuetudo</span> 
     </span>
     <span class='ocr_line' id='line_1_3' title="bbox 295 470 1375 589; baseline 0 -30"><span class='ocrx_word' id='word_1_14' title='bbox 295 489 477 562; x_wconf 80' lang='lat' dir='ltr'><strong>contraria</strong></span> <span class='ocrx_word' id='word_1_15' title='bbox 504 470 656 562; x_wconf 70' lang='lat' dir='ltr'><strong>minime</strong></span> <span class='ocrx_word' id='word_1_16' title='bbox 681 480 830 589; x_wconf 84' lang='lat' dir='ltr'><strong>probari</strong></span> <span class='ocrx_word' id='word_1_17' title='bbox 885 501 989 569; x_wconf 84' lang='lat' dir='ltr'><strong>otest.</strong></span> <span class='ocrx_word' id='word_1_18' title='bbox 1020 489 1125 561; x_wconf 84' lang='lat' dir='ltr'><strong>Hanc</strong></span> <span class='ocrx_word' id='word_1_19' title='bbox 1152 489 1375 559; x_wconf 83' lang='lat' dir='ltr'><strong>sententiam</strong></span> 
     </span>
     <span class='ocr_line' id='line_1_4' title="bbox 294 515 1376 685; baseline 0.001 -30"><span class='ocrx_word' id='word_1_20' title='bbox 294 587 524 661; x_wconf 74' lang='lat' dir='ltr'><strong>sanctesium</strong></span> <span class='ocrx_word' id='word_1_21' title='bbox 544 583 683 659; x_wconf 82' lang='lat' dir='ltr'><strong>Hubert</strong></span> <span class='ocrx_word' id='word_1_22' title='bbox 700 602 726 658; x_wconf 92' lang='lat' dir='ltr'><strong>t.</strong></span> <span class='ocrx_word' id='word_1_23' title='bbox 751 588 774 660; x_wconf 81' lang='lat'>5</span> <span class='ocrx_word' id='word_1_24' title='bbox 793 612 834 683; x_wconf 85' lang='lat' dir='ltr'><strong>p.</strong></span> <span class='ocrx_word' id='word_1_25' title='bbox 856 515 921 660; x_wconf 66' lang='lat' dir='ltr'><strong>bri</strong></span> <span class='ocrx_word' id='word_1_26' title='bbox 946 612 977 683; x_wconf 81' lang='lat' dir='ltr'><strong>q.</strong></span> <span class='ocrx_word' id='word_1_27' title='bbox 1003 611 1024 657; x_wconf 86' lang='lat'>2</span> <span class='ocrx_word' id='word_1_28' title='bbox 1048 584 1112 672; x_wconf 81' lang='lat' dir='ltr'><strong>ubi</strong></span> <span class='ocrx_word' id='word_1_29' title='bbox 1139 584 1376 685; x_wconf 85' lang='lat' dir='ltr'><strong>dicitquod,</strong></span> 
     </span>
     <span class='ocr_line' id='line_1_5' title="bbox 281 681 1376 783; baseline -0.005 -23"><span class='ocrx_word' id='word_1_30' title='bbox 281 697 512 760; x_wconf 58' lang='lat' dir='ltr'><strong>oecurrente</strong></span> <span class='ocrx_word' id='word_1_31' title='bbox 529 684 766 769; x_wconf 75' lang='lat' dir='ltr'><strong>necessitate,</strong></span> <span class='ocrx_word' id='word_1_32' title='bbox 785 682 917 782; x_wconf 72' lang='lat' dir='ltr'><strong>nempi</strong></span> <span class='ocrx_word' id='word_1_33' title='bbox 935 698 1100 782; x_wconf 87' lang='lat' dir='ltr'><strong>tempore</strong></span> <span class='ocrx_word' id='word_1_34' title='bbox 1117 684 1254 783; x_wconf 85' lang='lat' dir='ltr'><strong>pestis,</strong></span> <span class='ocrx_word' id='word_1_35' title='bbox 1277 681 1376 755; x_wconf 70' lang='lat' dir='ltr'><strong>bene</strong></span> 
     </span>
     <span class='ocr_line' id='line_1_6' title="bbox 294 780 1379 881; baseline 0.001 -29"><span class='ocrx_word' id='word_1_36' title='bbox 294 783 430 879; x_wconf 86' lang='lat' dir='ltr'><strong>poterit</strong></span> <span class='ocrx_word' id='word_1_37' title='bbox 447 781 584 880; x_wconf 76' lang='lat' dir='ltr'><strong>judicio</strong></span> <span class='ocrx_word' id='word_1_38' title='bbox 599 781 777 881; x_wconf 79' lang='lat' dir='ltr'><strong>Episcopi</strong></span> <span class='ocrx_word' id='word_1_39' title='bbox 796 785 906 855; x_wconf 70' lang='lat' dir='ltr'><strong>etidm</strong></span> <span class='ocrx_word' id='word_1_40' title='bbox 924 781 1025 854; x_wconf 87' lang='lat' dir='ltr'><strong>laicis</strong></span> <span class='ocrx_word' id='word_1_41' title='bbox 1046 781 1209 881; x_wconf 87' lang='lat' dir='ltr'><strong>permitti</strong></span> <span class='ocrx_word' id='word_1_42' title='bbox 1226 780 1379 853; x_wconf 80' lang='lat' dir='ltr'><strong>Euche‘·</strong></span> 
     </span>
     <span class='ocr_line' id='line_1_7' title="bbox 288 878 671 957; baseline -0.003 -5"><span class='ocrx_word' id='word_1_43' title='bbox 288 878 434 957; x_wconf 72' lang='lat' dir='ltr'><strong>riselam</strong></span> <span class='ocrx_word' id='word_1_44' title='bbox 452 881 671 953; x_wconf 80' lang='lat' dir='ltr'><strong>ministrare.</strong></span> 
     </span>
     <span class='ocr_line' id='line_1_8' title="bbox 231 974 1378 1066; baseline 0.003 -22"><span class='ocrx_word' id='word_1_45' title='bbox 231 976 288 1044; x_wconf 66' lang='lat' dir='ltr'><strong>clo</strong></span> <span class='ocrx_word' id='word_1_46' title='bbox 350 1004 368 1044; x_wconf 76' lang='lat' dir='ltr'><strong>a</strong></span> <span class='ocrx_word' id='word_1_47' title='bbox 393 976 587 1051; x_wconf 79' lang='lat' dir='ltr'><strong>Probabile</strong></span> <span class='ocrx_word' id='word_1_48' title='bbox 612 990 683 1066; x_wconf 88' lang='lat' dir='ltr'><strong>est,</strong></span> <span class='ocrx_word' id='word_1_49' title='bbox 704 976 813 1050; x_wconf 72' lang='lat' dir='ltr'><strong>etiam</strong></span> <span class='ocrx_word' id='word_1_50' title='bbox 844 981 941 1049; x_wconf 69' lang='lat' dir='ltr'><strong>extra</strong></span> <span class='ocrx_word' id='word_1_51' title='bbox 968 978 1095 1050; x_wconf 87' lang='lat' dir='ltr'><strong>mortis</strong></span> <span class='ocrx_word' id='word_1_52' title='bbox 1113 974 1309 1059; x_wconf 83' lang='lat' dir='ltr'><strong>articulum</strong></span> <span class='ocrx_word' id='word_1_53' title='bbox 1330 1000 1378 1048; x_wconf 87' lang='lat' dir='ltr'><strong>ex</strong></span> 
     </span>
     <span class='ocr_line' id='line_1_9' title="bbox 295 1074 1383 1177; baseline 0.001 -33"><span class='ocrx_word' id='word_1_54' title='bbox 295 1100 316 1144; x_wconf 86' lang='lat' dir='ltr'><strong>n</strong></span> <span class='ocrx_word' id='word_1_55' title='bbox 343 1074 441 1174; x_wconf 81' lang='lat' dir='ltr'><strong>gravi</strong></span> <span class='ocrx_word' id='word_1_56' title='bbox 459 1102 567 1157; x_wconf 82' lang='lat' dir='ltr'><strong>causo</strong></span> <span class='ocrx_word' id='word_1_57' title='bbox 592 1075 703 1149; x_wconf 85' lang='lat' dir='ltr'><strong>licere</strong></span> <span class='ocrx_word' id='word_1_58' title='bbox 717 1075 921 1161; x_wconf 78' lang='lat' dir='ltr'><strong>Sacerdoti,</strong></span> <span class='ocrx_word' id='word_1_59' title='bbox 942 1076 1095 1177; x_wconf 85' lang='lat' dir='ltr'><strong>praeciso</strong></span> <span class='ocrx_word' id='word_1_60' title='bbox 1110 1074 1305 1162; x_wconf 86' lang='lat' dir='ltr'><strong>scandalo,</strong></span> <span class='ocrx_word' id='word_1_61' title='bbox 1318 1099 1383 1145; x_wconf 86' lang='lat' dir='ltr'><strong>sa·</strong></span> 
     </span>
     <span class='ocr_line' id='line_1_10' title="bbox 293 1171 1382 1258; baseline -0.004 -10"><span class='ocrx_word' id='word_1_62' title='bbox 293 1198 314 1237; x_wconf 74' lang='lat' dir='ltr'><strong>s</strong></span> <span class='ocrx_word' id='word_1_63' title='bbox 343 1197 442 1248; x_wconf 84' lang='lat' dir='ltr'><strong>oram</strong></span> <span class='ocrx_word' id='word_1_64' title='bbox 457 1172 614 1249; x_wconf 83' lang='lat' dir='ltr'><strong>hostiam</strong></span> <span class='ocrx_word' id='word_1_65' title='bbox 626 1192 770 1247; x_wconf 84' lang='lat' dir='ltr'><strong>sumerc</strong></span> <span class='ocrx_word' id='word_1_66' title='bbox 780 1198 823 1246; x_wconf 86' lang='lat' dir='ltr'><strong>ex</strong></span> <span class='ocrx_word' id='word_1_67' title='bbox 836 1173 1068 1258; x_wconf 70' lang='lat' dir='ltr'><strong>sacrario,ve,l</strong></span> <span class='ocrx_word' id='word_1_68' title='bbox 1084 1171 1272 1245; x_wconf 70' lang='lat' dir='ltr'><strong>iDiacono</strong></span> <span class='ocrx_word' id='word_1_69' title='bbox 1287 1172 1382 1245; x_wconf 84' lang='lat' dir='ltr'><strong>alla·</strong></span> 
     </span>
     <span class='ocr_line' id='line_1_11' title="bbox 293 1269 1381 1373; baseline 0.001 -32"><span class='ocrx_word' id='word_1_70' title='bbox 293 1276 313 1336; x_wconf 71' lang='grc' dir='ltr'><strong><em>ό</em></strong></span> <span class='ocrx_word' id='word_1_71' title='bbox 345 1271 503 1346; x_wconf 82' lang='lat' dir='ltr'><strong>lomsibi</strong></span> <span class='ocrx_word' id='word_1_72' title='bbox 518 1273 587 1373; x_wconf 88' lang='lat' dir='ltr'><strong>ipsi</strong></span> <span class='ocrx_word' id='word_1_73' title='bbox 599 1270 684 1344; x_wconf 84' lang='lat' dir='ltr'><strong>dore</strong></span> <span class='ocrx_word' id='word_1_74' title='bbox 696 1328 705 1355; x_wconf 93' lang='lat'><strong>,</strong></span> <span class='ocrx_word' id='word_1_75' title='bbox 717 1297 751 1343; x_wconf 83' lang='lat' dir='ltr'><strong>v.</strong></span> <span class='ocrx_word' id='word_1_76' title='bbox 764 1294 817 1370; x_wconf 83' lang='lat' dir='ltr'><strong>gr.</strong></span> <span class='ocrx_word' id='word_1_77' title='bbox 837 1273 867 1344; x_wconf 91' lang='lat' dir='ltr'><strong>si</strong></span> <span class='ocrx_word' id='word_1_78' title='bbox 885 1273 924 1345; x_wconf 89' lang='lat' dir='ltr'><strong>in</strong></span> <span class='ocrx_word' id='word_1_79' title='bbox 942 1270 1052 1368; x_wconf 78' lang='lat' dir='ltr'><strong>longo</strong></span> <span class='ocrx_word' id='word_1_80' title='bbox 1071 1270 1201 1342; x_wconf 88' lang='lat' dir='ltr'><strong>morbo</strong></span> <span class='ocrx_word' id='word_1_81' title='bbox 1220 1269 1283 1342; x_wconf 78' lang='lat' dir='ltr'><strong>diii</strong></span> <span class='ocrx_word' id='word_1_82' title='bbox 1299 1296 1381 1343; x_wconf 78' lang='lat' dir='ltr'><strong>ison</strong></span> 
     </span>
     <span class='ocr_line' id='line_1_12' title="bbox 294 1366 1381 1466; baseline -0.003 -23"><span class='ocrx_word' id='word_1_83' title='bbox 294 1369 315 1438; x_wconf 78' lang='lat' dir='ltr'><strong>n</strong></span> <span class='ocrx_word' id='word_1_84' title='bbox 345 1366 667 1456; x_wconf 81' lang='lat' dir='ltr'><strong>communicasset,</strong></span> <span class='ocrx_word' id='word_1_85' title='bbox 683 1383 726 1442; x_wconf 88' lang='lat' dir='ltr'><strong>ut</strong></span> <span class='ocrx_word' id='word_1_86' title='bbox 738 1384 865 1459; x_wconf 83' lang='lat' dir='ltr'><strong>contra</strong></span> <span class='ocrx_word' id='word_1_87' title='bbox 877 1368 974 1439; x_wconf 86' lang='lat' dir='ltr'><strong>Snar.</strong></span> <span class='ocrx_word' id='word_1_88' title='bbox 990 1386 1026 1441; x_wconf 88' lang='lat' dir='ltr'><strong>et</strong></span> <span class='ocrx_word' id='word_1_89' title='bbox 1038 1368 1126 1442; x_wconf 87' lang='lat' dir='ltr'><strong>Con.</strong></span> <span class='ocrx_word' id='word_1_90' title='bbox 1140 1368 1274 1441; x_wconf 89' lang='lat' dir='ltr'><strong>docent</strong></span> <span class='ocrx_word' id='word_1_91' title='bbox 1289 1369 1381 1466; x_wconf 70' lang='lat' dir='ltr'><strong>Fag.</strong></span> 
     </span>
     <span class='ocr_line' id='line_1_13' title="bbox 295 1465 1383 1566; baseline 0.001 -29"><span class='ocrx_word' id='word_1_92' title='bbox 295 1469 316 1537; x_wconf 68' lang='grc' dir='ltr'><strong><em>ἦ</em></strong></span> <span class='ocrx_word' id='word_1_93' title='bbox 339 1492 380 1564; x_wconf 74' lang='grc' dir='ltr'><strong>ρ.</strong></span> <span class='ocrx_word' id='word_1_94' title='bbox 396 1465 1383 1566; x_wconf 69' lang='lat' dir='ltr'><strong>bl.3c.3.Pr.Esc.atc.t.7E.6l.c.&#39;(lmbCr.n.481.</strong></span> 
     </span>
     <span class='ocr_line' id='line_1_14' title="bbox 295 1563 1383 1681; baseline 0.002 -48"><span class='ocrx_word' id='word_1_95' title='bbox 295 1594 317 1633; x_wconf 86' lang='lat' dir='ltr'><strong>n</strong></span> <span class='ocrx_word' id='word_1_96' title='bbox 346 1589 423 1636; x_wconf 86' lang='lat' dir='ltr'><strong>curn</strong></span> <span class='ocrx_word' id='word_1_97' title='bbox 439 1564 539 1641; x_wconf 82' lang='lat' dir='ltr'><strong>Suar.</strong></span> <span class='ocrx_word' id='word_1_98' title='bbox 561 1566 656 1638; x_wconf 89' lang='lat' dir='ltr'><strong>Bon.</strong></span> <span class='ocrx_word' id='word_1_99' title='bbox 679 1567 853 1681; x_wconf 55' lang='lat' dir='ltr'><strong>Lupntc.</strong></span> <span class='ocrx_word' id='word_1_100' title='bbox 880 1567 994 1637; x_wconf 77' lang='lat' dir='ltr'><strong>lione.</strong></span> <span class='ocrx_word' id='word_1_101' title='bbox 1014 1591 1046 1641; x_wconf 83' lang='lat' dir='ltr'><strong>c.</strong></span> <span class='ocrx_word' id='word_1_102' title='bbox 1063 1569 1084 1657; x_wconf 76' lang='lat' dir='ltr'><strong>l</strong></span> <span class='ocrx_word' id='word_1_103' title='bbox 1099 1590 1136 1665; x_wconf 78' lang='lat' dir='ltr'><strong>q.</strong></span> <span class='ocrx_word' id='word_1_104' title='bbox 1157 1567 1195 1658; x_wconf 75' lang='lat' dir='ltr'><strong>l.</strong></span> <span class='ocrx_word' id='word_1_105' title='bbox 1212 1563 1324 1637; x_wconf 82' lang='lat' dir='ltr'><strong>Salar.</strong></span> <span class='ocrx_word' id='word_1_106' title='bbox 1343 1582 1383 1635; x_wconf 73' lang='lat' dir='ltr'><strong>c:</strong></span> 
     </span>
     <span class='ocr_line' id='line_1_15' title="bbox 296 1660 1383 1764; baseline -0.003 -30"><span class='ocrx_word' id='word_1_107' title='bbox 296 1691 316 1729; x_wconf 91' lang='lat'>»</span> <span class='ocrx_word' id='word_1_108' title='bbox 345 1684 382 1761; x_wconf 84' lang='lat'><strong>9.</strong></span> <span class='ocrx_word' id='word_1_109' title='bbox 404 1688 439 1736; x_wconf 89' lang='lat' dir='ltr'><strong>n.</strong></span> <span class='ocrx_word' id='word_1_110' title='bbox 464 1668 518 1737; x_wconf 69' lang='lat'><strong>18.</strong></span> <span class='ocrx_word' id='word_1_111' title='bbox 548 1689 626 1736; x_wconf 89' lang='lat' dir='ltr'><strong>curn</strong></span> <span class='ocrx_word' id='word_1_112' title='bbox 645 1663 788 1764; x_wconf 84' lang='lat' dir='ltr'><strong>Sylrro,</strong></span> <span class='ocrx_word' id='word_1_113' title='bbox 817 1680 880 1735; x_wconf 82' lang='lat' dir='ltr'><strong>etc.</strong></span> <span class='ocrx_word' id='word_1_114' title='bbox 904 1663 1045 1749; x_wconf 69' lang='lat' dir='ltr'><strong>droant,</strong></span> <span class='ocrx_word' id='word_1_115' title='bbox 1072 1662 1151 1733; x_wconf 72' lang='lat' dir='ltr'><strong>sold</strong></span> <span class='ocrx_word' id='word_1_116' title='bbox 1182 1660 1383 1734; x_wconf 78' lang='lat' dir='ltr'><strong>devotionis</strong></span> 
     </span>
     <span class='ocr_line' id='line_1_16' title="bbox 299 1759 1385 1857; baseline 0.002 -30"><span class='ocrx_word' id='word_1_117' title='bbox 299 1786 318 1827; x_wconf 82' lang='lat' dir='ltr'><strong>n</strong></span> <span class='ocrx_word' id='word_1_118' title='bbox 346 1763 471 1844; x_wconf 70' lang='lat' dir='ltr'><strong>causi,</strong></span> <span class='ocrx_word' id='word_1_119' title='bbox 489 1760 713 1834; x_wconf 74' lang='lat' dir='ltr'><strong>Sacerdotem</strong></span> <span class='ocrx_word' id='word_1_120' title='bbox 731 1787 869 1853; x_wconf 85' lang='lat' dir='ltr'><strong>semper</strong></span> <span class='ocrx_word' id='word_1_121' title='bbox 879 1786 988 1849; x_wconf 82' lang='lat' dir='ltr'><strong>posse</strong></span> <span class='ocrx_word' id='word_1_122' title='bbox 1003 1759 1157 1857; x_wconf 64' lang='lat' dir='ltr'><strong>seijosom</strong></span> <span class='ocrx_word' id='word_1_123' title='bbox 1178 1759 1385 1831; x_wconf 83' lang='lat' dir='ltr'><strong>communi-</strong></span> 
     </span>
     <span class='ocr_line' id='line_1_17' title="bbox 296 1855 1384 1956; baseline 0.001 -29"><span class='ocrx_word' id='word_1_124' title='bbox 296 1888 317 1927; x_wconf 85' lang='lat' dir='ltr'><strong>n</strong></span> <span class='ocrx_word' id='word_1_125' title='bbox 345 1878 447 1949; x_wconf 85' lang='lat' dir='ltr'><strong>care,</strong></span> <span class='ocrx_word' id='word_1_126' title='bbox 486 1860 563 1945; x_wconf 77' lang='lat' dir='ltr'><strong>ura,</strong></span> <span class='ocrx_word' id='word_1_127' title='bbox 576 1861 722 1956; x_wconf 80' lang='lat' dir='ltr'><strong>prociso</strong></span> <span class='ocrx_word' id='word_1_128' title='bbox 740 1859 932 1944; x_wconf 87' lang='lat' dir='ltr'><strong>scandalo,</strong></span> <span class='ocrx_word' id='word_1_129' title='bbox 956 1857 1051 1930; x_wconf 86' lang='lat' dir='ltr'><strong>nulla</strong></span> <span class='ocrx_word' id='word_1_130' title='bbox 1069 1874 1122 1927; x_wconf 85' lang='lat' dir='ltr'><strong>est</strong></span> <span class='ocrx_word' id='word_1_131' title='bbox 1133 1855 1384 1944; x_wconf 69' lang='lat' dir='ltr'><strong>rnerercno‘a,</strong></span> 
     </span>
     <span class='ocr_line' id='line_1_18' title="bbox 296 1885 1386 2041; baseline 0.001 -16"><span class='ocrx_word' id='word_1_132' title='bbox 296 1985 315 2020; x_wconf 72' lang='lat' dir='ltr'><strong>s</strong></span> <span class='ocrx_word' id='word_1_133' title='bbox 343 1978 409 2028; x_wconf 85' lang='lat' dir='ltr'><strong>nec</strong></span> <span class='ocrx_word' id='word_1_134' title='bbox 426 1885 521 2028; x_wconf 76' lang='lat' dir='ltr'><strong>ollii</strong></span> <span class='ocrx_word' id='word_1_135' title='bbox 540 1974 594 2027; x_wconf 86' lang='lat' dir='ltr'><strong>est</strong></span> <span class='ocrx_word' id='word_1_136' title='bbox 618 1957 755 2028; x_wconf 80' lang='lat' dir='ltr'><strong>rrtr&#39;tam</strong></span> <span class='ocrx_word' id='word_1_137' title='bbox 778 2015 788 2041; x_wconf 94' lang='lat'><strong>,</strong></span> <span class='ocrx_word' id='word_1_138' title='bbox 814 1956 888 2027; x_wconf 88' lang='lat' dir='ltr'><strong>nisi</strong></span> <span class='ocrx_word' id='word_1_139' title='bbox 909 1956 1004 2027; x_wconf 86' lang='lat' dir='ltr'><strong>adsit</strong></span> <span class='ocrx_word' id='word_1_140' title='bbox 1018 1955 1109 2026; x_wconf 85' lang='lat' dir='ltr'><strong>alins</strong></span> <span class='ocrx_word' id='word_1_141' title='bbox 1126 1950 1299 2026; x_wconf 81' lang='lat' dir='ltr'><strong>Sacerdos</strong></span> <span class='ocrx_word' id='word_1_142' title='bbox 1315 1984 1329 2026; x_wconf 88' lang='lat'><strong>.·</strong></span> <span class='ocrx_word' id='word_1_143' title='bbox 1347 1970 1386 2027; x_wconf 86' lang='lat' dir='ltr'><strong>et</strong></span> 
     </span>
     <span class='ocr_line' id='line_1_19' title="bbox 296 2050 1384 2165; baseline 0.004 -45"><span class='ocrx_word' id='word_1_144' title='bbox 296 2083 316 2120; x_wconf 82' lang='lat' dir='ltr'><strong>n</strong></span> <span class='ocrx_word' id='word_1_145' title='bbox 345 2052 384 2124; x_wconf 85' lang='lat' dir='ltr'><strong>id</strong></span> <span class='ocrx_word' id='word_1_146' title='bbox 397 2078 468 2124; x_wconf 88' lang='lat' dir='ltr'><strong>non</strong></span> <span class='ocrx_word' id='word_1_147' title='bbox 484 2054 703 2148; x_wconf 80' lang='lat' dir='ltr'><strong>improbabile</strong></span> <span class='ocrx_word' id='word_1_148' title='bbox 719 2068 824 2149; x_wconf 85' lang='lat' dir='ltr'><strong>putat</strong></span> <span class='ocrx_word' id='word_1_149' title='bbox 844 2056 951 2128; x_wconf 89' lang='lat' dir='ltr'><strong>Conc.</strong></span> <span class='ocrx_word' id='word_1_150' title='bbox 973 2083 1014 2152; x_wconf 87' lang='lat' dir='ltr'><strong>p.</strong></span> <span class='ocrx_word' id='word_1_151' title='bbox 1034 2053 1101 2151; x_wconf 84' lang='lat'><strong>307</strong></span> <span class='ocrx_word' id='word_1_152' title='bbox 1118 2076 1154 2125; x_wconf 89' lang='lat' dir='ltr'><strong>n.</strong></span> <span class='ocrx_word' id='word_1_153' title='bbox 1178 2076 1231 2125; x_wconf 85' lang='lat'><strong>12.</strong></span> <span class='ocrx_word' id='word_1_154' title='bbox 1254 2050 1384 2165; x_wconf 77' lang='lat' dir='ltr'><strong>Ibique</strong></span> 
     </span>
     <span class='ocr_line' id='line_1_20' title="bbox 295 2148 1383 2251; baseline 0.002 -33"><span class='ocrx_word' id='word_1_155' title='bbox 295 2162 316 2218; x_wconf 69' lang='lat' dir='ltr'><strong>t,</strong></span> <span class='ocrx_word' id='word_1_156' title='bbox 345 2150 444 2223; x_wconf 68' lang='lat' dir='ltr'><strong>addit</strong></span> <span class='ocrx_word' id='word_1_157' title='bbox 464 2176 541 2223; x_wconf 86' lang='lat' dir='ltr'><strong>cam</strong></span> <span class='ocrx_word' id='word_1_158' title='bbox 575 2154 685 2251; x_wconf 82' lang='lat' dir='ltr'><strong>Vasq.</strong></span> <span class='ocrx_word' id='word_1_159' title='bbox 706 2152 785 2225; x_wconf 83' lang='lat' dir='ltr'><strong>Dic.</strong></span> <span class='ocrx_word' id='word_1_160' title='bbox 809 2152 1001 2245; x_wconf 82' lang='lat' dir='ltr'><strong>etLeana’.</strong></span> <span class='ocrx_word' id='word_1_161' title='bbox 1026 2148 1383 2242; x_wconf 82' lang='lat' dir='ltr'><strong>hocpcrmittictrdm</strong></span> 
     </span>
     <span class='ocr_line' id='line_1_21' title="bbox 296 2247 1390 2349; baseline 0 -30"><span class='ocrx_word' id='word_1_162' title='bbox 296 2278 316 2316; x_wconf 79' lang='lat' dir='ltr'><strong>n</strong></span> <span class='ocrx_word' id='word_1_163' title='bbox 345 2247 508 2322; x_wconf 86' lang='lat' dir='ltr'><strong>Dia&#39;cono</strong></span> <span class='ocrx_word' id='word_1_164' title='bbox 525 2303 534 2332; x_wconf 91' lang='lat'><strong>,</strong></span> <span class='ocrx_word' id='word_1_165' title='bbox 554 2249 634 2349; x_wconf 76' lang='lat' dir='ltr'><strong>qnia</strong></span> <span class='ocrx_word' id='word_1_166' title='bbox 662 2276 711 2322; x_wconf 77' lang='lat' dir='ltr'><strong>ec</strong></span> <span class='ocrx_word' id='word_1_167' title='bbox 737 2249 892 2322; x_wconf 82' lang='lat' dir='ltr'><strong>Concilio</strong></span> <span class='ocrx_word' id='word_1_168' title='bbox 917 2250 1065 2331; x_wconf 84' lang='lat' dir='ltr'><strong>Niraoo</strong></span> <span class='ocrx_word' id='word_1_169' title='bbox 1091 2247 1181 2321; x_wconf 85' lang='lat' dir='ltr'><strong>Can.</strong></span> <span class='ocrx_word' id='word_1_170' title='bbox 1218 2250 1259 2339; x_wconf 73' lang='lat' dir='ltr'><strong>rb</strong></span> <span class='ocrx_word' id='word_1_171' title='bbox 1285 2247 1326 2317; x_wconf 85' lang='lat' dir='ltr'><strong>id</strong></span> <span class='ocrx_word' id='word_1_172' title='bbox 1348 2250 1390 2319; x_wconf 81' lang='lat' dir='ltr'><strong>ei</strong></span> 
     </span>
     <span class='ocr_line' id='line_1_22' title="bbox 294 2343 1382 2442; baseline 0.003 -28"><span class='ocrx_word' id='word_1_173' title='bbox 294 2372 317 2414; x_wconf 76' lang='lat' dir='ltr'><strong>rs</strong></span> <span class='ocrx_word' id='word_1_174' title='bbox 345 2346 552 2418; x_wconf 83' lang='lat' dir='ltr'><strong>conceditur.</strong></span> <span class='ocrx_word' id='word_1_175' title='bbox 570 2348 726 2419; x_wconf 73' lang='lat' dir='ltr'><strong>landem</strong></span> <span class='ocrx_word' id='word_1_176' title='bbox 740 2346 923 2434; x_wconf 77' lang='lat' dir='ltr'><strong>concludit,</strong></span> <span class='ocrx_word' id='word_1_177' title='bbox 932 2345 1151 2442; x_wconf 71' lang='lat' dir='ltr'><strong>dr&#39;scitrlsisam</strong></span> <span class='ocrx_word' id='word_1_178' title='bbox 1167 2343 1382 2417; x_wconf 72' lang='lat' dir='ltr'><strong>hodiernam</strong></span> 
     </span>
     <span class='ocr_line' id='line_1_23' title="bbox 294 2438 876 2544; baseline 0.01 -31"><span class='ocrx_word' id='word_1_179' title='bbox 294 2472 315 2513; x_wconf 84' lang='lat' dir='ltr'><strong>n</strong></span> <span class='ocrx_word' id='word_1_180' title='bbox 344 2438 381 2515; x_wconf 84' lang='lat' dir='ltr'><strong>in</strong></span> <span class='ocrx_word' id='word_1_181' title='bbox 399 2440 467 2516; x_wconf 81' lang='lat' dir='ltr'><strong>hoc</strong></span> <span class='ocrx_word' id='word_1_182' title='bbox 479 2446 709 2544; x_wconf 74' lang='lat' dir='ltr'><strong>spectandam</strong></span> <span class='ocrx_word' id='word_1_183' title='bbox 727 2470 805 2517; x_wconf 83' lang='lat' dir='ltr'><strong>esse</strong></span> <span class='ocrx_word' id='word_1_184' title='bbox 818 2450 832 2538; x_wconf 91' lang='lat'><em>)</em></span> <span class='ocrx_word' id='word_1_185' title='bbox 845 2445 876 2519; x_wconf 75' lang='lat'><strong>⁹.</strong></span> 
     </span>
     <span class='ocr_line' id='line_1_24' title="bbox 345 2538 1383 2643; baseline 0.004 -34"><span class='ocrx_word' id='word_1_186' title='bbox 345 2570 365 2609; x_wconf 74' lang='lat' dir='ltr'><strong>n</strong></span> <span class='ocrx_word' id='word_1_187' title='bbox 392 2541 474 2615; x_wconf 84' lang='lat' dir='ltr'><strong>Dixi</strong></span> <span class='ocrx_word' id='word_1_188' title='bbox 497 2568 529 2616; x_wconf 78' lang='lat' dir='ltr'><strong>a.</strong></span> <span class='ocrx_word' id='word_1_189' title='bbox 561 2542 870 2643; x_wconf 73' lang='lat' dir='ltr'><strong>rclpn&#39;n&#39;legiam,</strong></span> <span class='ocrx_word' id='word_1_190' title='bbox 899 2540 1010 2641; x_wconf 83' lang='lat' dir='ltr'><strong>quale</strong></span> <span class='ocrx_word' id='word_1_191' title='bbox 1038 2538 1177 2613; x_wconf 85' lang='lat' dir='ltr'><strong>habent</strong></span> <span class='ocrx_word' id='word_1_192' title='bbox 1203 2540 1383 2637; x_wconf 76' lang='lat' dir='ltr'><strong>Religiosi</strong></span> 
     </span>
     <span class='ocr_line' id='line_1_25' title="bbox 239 2594 1388 2727; baseline -0.002 -12"><span class='ocrx_word' id='word_1_193' title='bbox 239 2594 314 2706; x_wconf 55' lang='lat'><strong>⁸³⁹5»</strong></span> <span class='ocrx_word' id='word_1_194' title='bbox 343 2634 593 2714; x_wconf 82' lang='lat' dir='ltr'><strong>Mendicantes</strong></span> <span class='ocrx_word' id='word_1_195' title='bbox 613 2696 622 2724; x_wconf 90' lang='lat'><strong>,</strong></span> <span class='ocrx_word' id='word_1_196' title='bbox 646 2655 683 2713; x_wconf 88' lang='lat' dir='ltr'><strong>et</strong></span> <span class='ocrx_word' id='word_1_197' title='bbox 710 2641 931 2714; x_wconf 85' lang='lat' dir='ltr'><strong>nominatim</strong></span> <span class='ocrx_word' id='word_1_198' title='bbox 952 2641 1141 2713; x_wconf 84' lang='lat' dir='ltr'><strong>Societatis</strong></span> <span class='ocrx_word' id='word_1_199' title='bbox 1162 2639 1307 2727; x_wconf 77' lang='lat' dir='ltr'><strong>tESU,</strong></span> <span class='ocrx_word' id='word_1_200' title='bbox 1337 2663 1388 2713; x_wconf 82' lang='lat' dir='ltr'><strong>cx</strong></span> 
     </span>
     <span class='ocr_line' id='line_1_26' title="bbox 295 2734 1387 2823; baseline 0.005 -18"><span class='ocrx_word' id='word_1_201' title='bbox 295 2769 312 2805; x_wconf 72' lang='lat' dir='ltr'><strong>s</strong></span> <span class='ocrx_word' id='word_1_202' title='bbox 343 2738 448 2811; x_wconf 82' lang='lat' dir='ltr'><strong>Pauli</strong></span> <span class='ocrx_word' id='word_1_203' title='bbox 473 2739 536 2813; x_wconf 85' lang='lat' dir='ltr'><strong>lli.</strong></span> <span class='ocrx_word' id='word_1_204' title='bbox 561 2738 694 2823; x_wconf 80' lang='lat' dir='ltr'><strong>Bulla,</strong></span> <span class='ocrx_word' id='word_1_205' title='bbox 726 2753 763 2811; x_wconf 90' lang='lat' dir='ltr'><strong>et</strong></span> <span class='ocrx_word' id='word_1_206' title='bbox 788 2738 970 2821; x_wconf 84' lang='lat' dir='ltr'><strong>aliorum,</strong></span> <span class='ocrx_word' id='word_1_207' title='bbox 999 2751 1041 2811; x_wconf 91' lang='lat' dir='ltr'><strong>ut</strong></span> <span class='ocrx_word' id='word_1_208' title='bbox 1068 2738 1210 2811; x_wconf 84' lang='lat' dir='ltr'><strong>scilicet</strong></span> <span class='ocrx_word' id='word_1_209' title='bbox 1236 2742 1271 2808; x_wconf 91' lang='lat' dir='ltr'><strong>in</strong></span> <span class='ocrx_word' id='word_1_210' title='bbox 1301 2734 1387 2811; x_wconf 87' lang='lat' dir='ltr'><strong>suis</strong></span> 
     </span>
     <span class='ocr_line' id='line_1_27' title="bbox 215 2833 1389 2937; baseline -0.002 -27"><span class='ocrx_word' id='word_1_211' title='bbox 215 2884 218 2891; x_wconf 88' lang='lat'><em>-</em></span> <span class='ocrx_word' id='word_1_212' title='bbox 295 2870 313 2902; x_wconf 84' lang='lat' dir='ltr'><strong>n</strong></span> <span class='ocrx_word' id='word_1_213' title='bbox 344 2837 492 2933; x_wconf 84' lang='lat' dir='ltr'><strong>templis</strong></span> <span class='ocrx_word' id='word_1_214' title='bbox 511 2858 575 2936; x_wconf 87' lang='lat' dir='ltr'><strong>per</strong></span> <span class='ocrx_word' id='word_1_215' title='bbox 593 2864 656 2925; x_wconf 87' lang='lat' dir='ltr'><strong>se,</strong></span> <span class='ocrx_word' id='word_1_216' title='bbox 677 2838 731 2909; x_wconf 86' lang='lat' dir='ltr'><strong>rei</strong></span> <span class='ocrx_word' id='word_1_217' title='bbox 754 2863 821 2937; x_wconf 87' lang='lat' dir='ltr'><strong>per</strong></span> <span class='ocrx_word' id='word_1_218' title='bbox 839 2838 928 2910; x_wconf 83' lang='lat' dir='ltr'><strong>alios</strong></span> <span class='ocrx_word' id='word_1_219' title='bbox 948 2835 1164 2909; x_wconf 82' lang='lat' dir='ltr'><strong>Sacerdotes</strong></span> <span class='ocrx_word' id='word_1_220' title='bbox 1183 2833 1260 2906; x_wconf 89' lang='lat' dir='ltr'><strong>illic</strong></span> <span class='ocrx_word' id='word_1_221' title='bbox 1282 2835 1389 2908; x_wconf 83' lang='lat' dir='ltr'><strong>cele·</strong></span> 
     </span>
     <span class='ocr_line' id='line_1_28' title="bbox 295 2930 1389 3033; baseline 0.005 -33"><span class='ocrx_word' id='word_1_222' title='bbox 295 2968 313 3000; x_wconf 70' lang='grc' dir='ltr'>ι</span> <span class='ocrx_word' id='word_1_223' title='bbox 344 2934 491 3008; x_wconf 79' lang='lat' dir='ltr'><strong>hiantes</strong></span> <span class='ocrx_word' id='word_1_224' title='bbox 507 2936 782 3008; x_wconf 86' lang='lat' dir='ltr'><strong>communicare</strong></span> <span class='ocrx_word' id='word_1_225' title='bbox 798 2938 940 3033; x_wconf 84' lang='lat' dir='ltr'><strong>possint</strong></span> <span class='ocrx_word' id='word_1_226' title='bbox 965 2958 1221 3033; x_wconf 83' lang='lat' dir='ltr'><strong>quoscumque</strong></span> <span class='ocrx_word' id='word_1_227' title='bbox 1242 2930 1389 3006; x_wconf 84' lang='lat' dir='ltr'><strong>Christi</strong></span> 
     </span>
     <span class='ocr_line' id='line_1_29' title="bbox 295 3028 1389 3131; baseline 0.005 -33"><span class='ocrx_word' id='word_1_228' title='bbox 295 3062 313 3098; x_wconf 74' lang='lat' dir='ltr'><strong>s</strong></span> <span class='ocrx_word' id='word_1_229' title='bbox 345 3028 494 3120; x_wconf 79' lang='lat' dir='ltr'><strong>fideles,</strong></span> <span class='ocrx_word' id='word_1_230' title='bbox 513 3037 753 3131; x_wconf 74' lang='lat' dir='ltr'><strong>praeterqnim</strong></span> <span class='ocrx_word' id='word_1_231' title='bbox 769 3034 807 3104; x_wconf 90' lang='lat' dir='ltr'><strong>in</strong></span> <span class='ocrx_word' id='word_1_232' title='bbox 825 3035 952 3107; x_wconf 86' lang='lat' dir='ltr'><strong>mortis</strong></span> <span class='ocrx_word' id='word_1_233' title='bbox 971 3029 1127 3106; x_wconf 84' lang='lat' dir='ltr'><strong>articulo</strong></span> <span class='ocrx_word' id='word_1_234' title='bbox 1144 3031 1210 3123; x_wconf 86' lang='lat' dir='ltr'><strong>(in</strong></span> <span class='ocrx_word' id='word_1_235' title='bbox 1232 3054 1308 3128; x_wconf 88' lang='lat' dir='ltr'><strong>quo</strong></span> <span class='ocrx_word' id='word_1_236' title='bbox 1324 3048 1389 3103; x_wconf 85' lang='lat' dir='ltr'><strong>ta·</strong></span> 
     </span>
     <span class='ocr_line' id='line_1_30' title="bbox 299 3128 1386 3231; baseline 0.008 -38"><span class='ocrx_word' id='word_1_237' title='bbox 299 3144 453 3212; x_wconf 66' lang='lat' dir='ltr'><strong>insen,</strong></span> <span class='ocrx_word' id='word_1_238' title='bbox 480 3132 508 3200; x_wconf 91' lang='lat' dir='ltr'><strong>si</strong></span> <span class='ocrx_word' id='word_1_239' title='bbox 537 3144 640 3225; x_wconf 82' lang='lat' dir='ltr'><strong>urget</strong></span> <span class='ocrx_word' id='word_1_240' title='bbox 659 3131 877 3219; x_wconf 83' lang='lat' dir='ltr'><strong>necessitas,</strong></span> <span class='ocrx_word' id='word_1_241' title='bbox 904 3132 1138 3231; x_wconf 69' lang='lat' dir='ltr'><strong>praesumitur</strong></span> <span class='ocrx_word' id='word_1_242' title='bbox 1164 3128 1386 3202; x_wconf 84' lang='lat' dir='ltr'><strong>ratihabitio</strong></span> 
     </span>
     <span class='ocr_line' id='line_1_31' title="bbox 295 3214 1384 3327; baseline 0.003 -31"><span class='ocrx_word' id='word_1_243' title='bbox 295 3258 315 3296; x_wconf 82' lang='lat' dir='ltr'><strong>n</strong></span> <span class='ocrx_word' id='word_1_244' title='bbox 336 3226 471 3327; x_wconf 68' lang='lat' dir='ltr'><strong>Papo,</strong></span> <span class='ocrx_word' id='word_1_245' title='bbox 507 3214 614 3300; x_wconf 65' lang='lat' dir='ltr'><strong>stibna</strong></span> <span class='ocrx_word' id='word_1_246' title='bbox 652 3227 767 3303; x_wconf 81' lang='lat' dir='ltr'><strong>invito</strong></span> <span class='ocrx_word' id='word_1_247' title='bbox 798 3228 984 3318; x_wconf 73' lang='lat' dir='ltr'><strong>parocho,</strong></span> <span class='ocrx_word' id='word_1_248' title='bbox 1017 3227 1059 3300; x_wconf 75' lang='lat' dir='ltr'><strong>ln</strong></span> <span class='ocrx_word' id='word_1_249' title='bbox 1094 3225 1206 3299; x_wconf 82' lang='lat' dir='ltr'><strong>habet</strong></span> <span class='ocrx_word' id='word_1_250' title='bbox 1232 3226 1384 3299; x_wconf 79' lang='lat' dir='ltr'><strong>Bonae.</strong></span> 
     </span>
     <span class='ocr_line' id='line_1_32' title="bbox 294 3322 1391 3425; baseline 0.003 -31"><span class='ocrx_word' id='word_1_251' title='bbox 294 3354 316 3394; x_wconf 82' lang='lat' dir='ltr'><strong>n</strong></span> <span class='ocrx_word' id='word_1_252' title='bbox 346 3322 440 3419; x_wconf 78' lang='lat' dir='ltr'><strong>liic),</strong></span> <span class='ocrx_word' id='word_1_253' title='bbox 457 3338 491 3397; x_wconf 86' lang='lat' dir='ltr'><strong>et</strong></span> <span class='ocrx_word' id='word_1_254' title='bbox 510 3324 599 3398; x_wconf 80' lang='lat' dir='ltr'><strong>lesio</strong></span> <span class='ocrx_word' id='word_1_255' title='bbox 613 3323 821 3399; x_wconf 77' lang='lat' dir='ltr'><strong>Paschali.‘</strong></span> <span class='ocrx_word' id='word_1_256' title='bbox 836 3326 1118 3425; x_wconf 81' lang='lat' dir='ltr'><strong>(Proterqudm,</strong></span> <span class='ocrx_word' id='word_1_257' title='bbox 1134 3325 1170 3396; x_wconf 88' lang='lat' dir='ltr'><strong>si</strong></span> <span class='ocrx_word' id='word_1_258' title='bbox 1178 3325 1391 3420; x_wconf 73' lang='lat' dir='ltr'><strong>Episcopus</strong></span> 
     </span>
     <span class='ocr_line' id='line_1_33' title="bbox 295 3420 1388 3521; baseline 0.006 -30"><span class='ocrx_word' id='word_1_259' title='bbox 295 3449 316 3491; x_wconf 80' lang='lat' dir='ltr'><strong>s</strong></span> <span class='ocrx_word' id='word_1_260' title='bbox 343 3420 593 3495; x_wconf 80' lang='lat' dir='ltr'><strong>rationabiliter</strong></span> <span class='ocrx_word' id='word_1_261' title='bbox 618 3423 769 3519; x_wconf 76' lang='lat' dir='ltr'><strong>alr&#39;puern</strong></span> <span class='ocrx_word' id='word_1_262' title='bbox 807 3422 1060 3495; x_wconf 77' lang='lat' dir='ltr'><strong>Communinnc</strong></span> <span class='ocrx_word' id='word_1_263' title='bbox 1081 3422 1282 3521; x_wconf 77' lang='lat' dir='ltr'><strong>prohibeat)</strong></span> <span class='ocrx_word' id='word_1_264' title='bbox 1298 3422 1314 3456; x_wconf 79' lang='lat'>⁸</span> <span class='ocrx_word' id='word_1_265' title='bbox 1332 3421 1388 3498; x_wconf 83' lang='lat' dir='ltr'><strong>V.</strong></span> 
     </span>
    </p>
   </div>
   <div class='ocr_carea' id='block_1_3' title="bbox 293 3517 1392 4212">
    <p class='ocr_par' dir='ltr' id='par_1_3' title="bbox 293 3517 1392 4212">
     <span class='ocr_line' id='line_1_34' title="bbox 294 3517 1389 3619; baseline 0.005 -31"><span class='ocrx_word' id='word_1_266' title='bbox 294 3552 312 3588; x_wconf 77' lang='lat' dir='ltr'><strong>s</strong></span> <span class='ocrx_word' id='word_1_267' title='bbox 345 3518 449 3593; x_wconf 83' lang='lat' dir='ltr'><strong>Card.</strong></span> <span class='ocrx_word' id='word_1_268' title='bbox 467 3521 512 3590; x_wconf 81' lang='lat' dir='ltr'><strong>de</strong></span> <span class='ocrx_word' id='word_1_269' title='bbox 530 3518 627 3615; x_wconf 67' lang='lat' dir='ltr'><strong>Lago</strong></span> <span class='ocrx_word' id='word_1_270' title='bbox 647 3521 669 3592; x_wconf 88' lang='lat' dir='ltr'><strong>l.</strong></span> <span class='ocrx_word' id='word_1_271' title='bbox 688 3519 743 3592; x_wconf 87' lang='lat' dir='ltr'><strong>cit.</strong></span> <span class='ocrx_word' id='word_1_272' title='bbox 759 3547 789 3593; x_wconf 89' lang='lat' dir='ltr'><strong>s.</strong></span> <span class='ocrx_word' id='word_1_273' title='bbox 807 3546 828 3593; x_wconf 82' lang='lat'><em>2</em></span> <span class='ocrx_word' id='word_1_274' title='bbox 846 3546 882 3597; x_wconf 88' lang='lat' dir='ltr'><strong>n,</strong></span> <span class='ocrx_word' id='word_1_275' title='bbox 905 3523 951 3596; x_wconf 78' lang='lat'><strong>38</strong></span> <span class='ocrx_word' id='word_1_276' title='bbox 966 3536 1002 3591; x_wconf 88' lang='lat' dir='ltr'><strong>et</strong></span> <span class='ocrx_word' id='word_1_277' title='bbox 1014 3523 1074 3619; x_wconf 73' lang='grc'><strong>49.</strong></span> <span class='ocrx_word' id='word_1_278' title='bbox 1095 3517 1212 3595; x_wconf 81' lang='lat' dir='ltr'><strong>Porrd</strong></span> <span class='ocrx_word' id='word_1_279' title='bbox 1250 3545 1291 3591; x_wconf 87' lang='lat' dir='ltr'><strong>er</strong></span> <span class='ocrx_word' id='word_1_280' title='bbox 1305 3517 1389 3593; x_wconf 83' lang='lat' dir='ltr'><strong>tes·</strong></span> 
     </span>
     <span class='ocr_line' id='line_1_35' title="bbox 295 3546 1387 3712; baseline -0.002 -21"><span class='ocrx_word' id='word_1_281' title='bbox 295 3642 326 3691; x_wconf 78' lang='lat' dir='ltr'><strong>n·</strong></span> <span class='ocrx_word' id='word_1_282' title='bbox 345 3631 425 3691; x_wconf 86' lang='lat' dir='ltr'><strong>turn</strong></span> <span class='ocrx_word' id='word_1_283' title='bbox 449 3616 636 3698; x_wconf 80' lang='lat' dir='ltr'><strong>Pasolrntie</strong></span> <span class='ocrx_word' id='word_1_284' title='bbox 655 3618 852 3692; x_wconf 85' lang='lat' dir='ltr'><strong>Pontifices</strong></span> <span class='ocrx_word' id='word_1_285' title='bbox 872 3618 933 3690; x_wconf 87' lang='lat' dir='ltr'><strong>hic</strong></span> <span class='ocrx_word' id='word_1_286' title='bbox 950 3618 1122 3692; x_wconf 85' lang='lat' dir='ltr'><strong>videntur</strong></span> <span class='ocrx_word' id='word_1_287' title='bbox 1151 3546 1387 3712; x_wconf 62' lang='lat' dir='ltr'><strong>inteiligcre,</strong></span> 
     </span>
     <span class='ocr_line' id='line_1_36' title="bbox 294 3712 1390 3819; baseline 0.003 -31"><span class='ocrx_word' id='word_1_288' title='bbox 294 3712 320 3788; x_wconf 68' lang='grc' dir='ltr'>ὸ</span> <span class='ocrx_word' id='word_1_289' title='bbox 344 3729 382 3790; x_wconf 87' lang='lat' dir='ltr'><strong>et</strong></span> <span class='ocrx_word' id='word_1_290' title='bbox 397 3714 593 3819; x_wconf 77' lang='lat' dir='ltr'><strong>prohibere</strong></span> <span class='ocrx_word' id='word_1_291' title='bbox 607 3720 907 3791; x_wconf 87' lang='lat' dir='ltr'><strong>communionem</strong></span> <span class='ocrx_word' id='word_1_292' title='bbox 919 3715 1043 3805; x_wconf 84' lang='lat' dir='ltr'><strong>illam,</strong></span> <span class='ocrx_word' id='word_1_293' title='bbox 1057 3720 1130 3815; x_wconf 74' lang='lat' dir='ltr'><strong>qod</strong></span> <span class='ocrx_word' id='word_1_294' title='bbox 1146 3716 1273 3789; x_wconf 80' lang='lat' dir='ltr'><strong>satisfit</strong></span> <span class='ocrx_word' id='word_1_295' title='bbox 1288 3742 1390 3812; x_wconf 77' lang='lat' dir='ltr'><strong>prse-</strong></span> 
     </span>
     <span class='ocr_line' id='line_1_37' title="bbox 295 3813 1392 3914; baseline 0.005 -33"><span class='ocrx_word' id='word_1_296' title='bbox 295 3847 313 3880; x_wconf 82' lang='lat'><strong>·</strong></span> <span class='ocrx_word' id='word_1_297' title='bbox 345 3830 453 3914; x_wconf 82' lang='lat' dir='ltr'><strong>cepto</strong></span> <span class='ocrx_word' id='word_1_298' title='bbox 475 3837 608 3888; x_wconf 74' lang='lat' dir='ltr'><strong>annuae</strong></span> <span class='ocrx_word' id='word_1_299' title='bbox 632 3816 926 3897; x_wconf 87' lang='lat' dir='ltr'><strong>communionis,</strong></span> <span class='ocrx_word' id='word_1_300' title='bbox 945 3828 987 3885; x_wconf 89' lang='lat' dir='ltr'><strong>ut</strong></span> <span class='ocrx_word' id='word_1_301' title='bbox 1002 3814 1139 3888; x_wconf 89' lang='lat' dir='ltr'><strong>docent</strong></span> <span class='ocrx_word' id='word_1_302' title='bbox 1153 3813 1224 3899; x_wconf 86' lang='lat' dir='ltr'><strong>Sa,</strong></span> <span class='ocrx_word' id='word_1_303' title='bbox 1242 3813 1329 3884; x_wconf 77' lang='lat' dir='ltr'><strong>Fc‘lt.</strong></span> <span class='ocrx_word' id='word_1_304' title='bbox 1351 3829 1392 3886; x_wconf 86' lang='lat' dir='ltr'><strong>et</strong></span> 
     </span>
     <span class='ocr_line' id='line_1_38' title="bbox 295 3911 1385 4011; baseline 0.006 -31"><span class='ocrx_word' id='word_1_305' title='bbox 295 3944 314 3980; x_wconf 73' lang='lat' dir='ltr'><strong>s</strong></span> <span class='ocrx_word' id='word_1_306' title='bbox 345 3938 474 3985; x_wconf 85' lang='lat' dir='ltr'><strong>comm.</strong></span> <span class='ocrx_word' id='word_1_307' title='bbox 502 3914 572 3986; x_wconf 88' lang='lat' dir='ltr'><strong>Per</strong></span> <span class='ocrx_word' id='word_1_308' title='bbox 590 3916 718 3989; x_wconf 86' lang='lat' dir='ltr'><strong>mortis</strong></span> <span class='ocrx_word' id='word_1_309' title='bbox 740 3913 940 3986; x_wconf 88' lang='lat' dir='ltr'><strong>articulum</strong></span> <span class='ocrx_word' id='word_1_310' title='bbox 965 3911 1184 4009; x_wconf 82' lang='lat' dir='ltr'><strong>intelligitur</strong></span> <span class='ocrx_word' id='word_1_311' title='bbox 1202 3927 1385 4011; x_wconf 84' lang='lat' dir='ltr'><strong>tempus,</strong></span> 
     </span>
     <span class='ocr_line' id='line_1_39' title="bbox 295 4007 1389 4111; baseline 0.005 -33"><span class='ocrx_word' id='word_1_312' title='bbox 295 4040 315 4079; x_wconf 80' lang='lat' dir='ltr'><strong>n</strong></span> <span class='ocrx_word' id='word_1_313' title='bbox 339 4010 490 4110; x_wconf 61' lang='lat' dir='ltr'><strong>¹(sunuel</strong></span> <span class='ocrx_word' id='word_1_314' title='bbox 512 4036 611 4084; x_wconf 85' lang='lat' dir='ltr'><strong>mors</strong></span> <span class='ocrx_word' id='word_1_315' title='bbox 628 4011 792 4111; x_wconf 70' lang='lat' dir='ltr'><strong>proximi</strong></span> <span class='ocrx_word' id='word_1_316' title='bbox 808 4013 942 4102; x_wconf 84' lang='lat' dir='ltr'><strong>instat,</strong></span> <span class='ocrx_word' id='word_1_317' title='bbox 959 4024 995 4083; x_wconf 91' lang='lat' dir='ltr'><strong>et</strong></span> <span class='ocrx_word' id='word_1_318' title='bbox 1012 4007 1203 4084; x_wconf 84' lang='lat' dir='ltr'><strong>moraliter</strong></span> <span class='ocrx_word' id='word_1_319' title='bbox 1222 4022 1319 4083; x_wconf 84' lang='lat' dir='ltr'><strong>certa</strong></span> <span class='ocrx_word' id='word_1_320' title='bbox 1349 4031 1389 4084; x_wconf 84' lang='lat' dir='ltr'><strong>et</strong></span> 
     </span>
     <span class='ocr_line' id='line_1_40' title="bbox 293 4108 1388 4212; baseline 0.011 -36"><span class='ocrx_word' id='word_1_321' title='bbox 293 4139 312 4176; x_wconf 70' lang='grc' dir='ltr'><strong>ι</strong></span> <span class='ocrx_word' id='word_1_322' title='bbox 342 4108 562 4183; x_wconf 72' lang='lat' dir='ltr'><strong>inevitabilis</strong></span> <span class='ocrx_word' id='word_1_323' title='bbox 576 4126 651 4203; x_wconf 87' lang='lat' dir='ltr'><strong>est,</strong></span> <span class='ocrx_word' id='word_1_324' title='bbox 669 4110 724 4185; x_wconf 80' lang='lat' dir='ltr'><strong>rel</strong></span> <span class='ocrx_word' id='word_1_325' title='bbox 739 4137 813 4212; x_wconf 89' lang='lat' dir='ltr'><strong>quo</strong></span> <span class='ocrx_word' id='word_1_326' title='bbox 826 4127 881 4186; x_wconf 84' lang='lat' dir='ltr'><strong>est</strong></span> <span class='ocrx_word' id='word_1_327' title='bbox 893 4111 1022 4185; x_wconf 80' lang='lat' dir='ltr'><strong>mostis</strong></span> <span class='ocrx_word' id='word_1_328' title='bbox 1039 4108 1269 4211; x_wconf 86' lang='lat' dir='ltr'><strong>periculum,</strong></span> <span class='ocrx_word' id='word_1_329' title='bbox 1282 4109 1388 4188; x_wconf 81' lang='lat' dir='ltr'><strong>idest</strong></span> 
     </span>
    </p>
   </div>
   <div class='ocr_carea' id='block_1_4' title="bbox 0 0 1458 4684">
    <p class='ocr_par' dir='ltr' id='par_1_4' title="bbox 0 0 1458 4684">
     <span class='ocr_line' id='line_1_41' title="bbox 0 0 1458 4684; baseline 0 0"><span class='ocrx_word' id='word_1_330' title='bbox 0 0 1458 4684; x_wconf 95' lang='lat' dir='ltr'><strong> </strong></span> 
     </span>
    </p>
   </div>
  </div>
 </body>
</html>
