2884 4684
241 307 306 375 586
349 307 422 375 Lib.
438 306 497 375 vi.
517 304 624 372 Trsot.
636 300 702 372 W.
719 306 768 372 De
784 303 986 373 sacramento
1000 302 1210 373 Ponitentiae.

243 420 375 503 vicem,
389 414 528 488 etibmsi
539 413 669 487 eodem
682 415 795 485 modo
811 415 974 516 relapsus
985 416 1109 497 fuerit,
1122 435 1158 490 et
1167 414 1317 491 nullan

243 516 452 599 adhibuerit
468 512 682 585 remedium.
701 513 868 586 Veneror
889 530 1075 589 tantorum
1094 518 1170 590 DD.
1188 512 1318 588 auotoss

242 615 403 697 ritatem,
423 610 489 686 sed
513 637 579 711 ego
598 634 727 684 eorum
744 612 910 710 opinioni
926 619 1128 715 numqubm
1143 616 1317 714 acquies-

212 712 220 728 ’
242 738 323 785 cere
344 713 446 812 potui
464 737 474 798 ;
493 709 627 782 etenim
643 736 730 781 cum
748 712 930 809 poenitens
950 717 1023 813 jam
1048 713 1156 786 fuerit
1178 717 1215 783 in
1240 709 1315 784 aiio

240 810 476 885 Confessione
497 806 726 897 admonitus,
746 824 782 880 et
803 810 934 881 eodem
958 810 1068 884 mado
1086 808 1317 895 reinciderit,

238 908 466 1009 nullumque
478 904 526 978 ad
540 931 578 978 se
595 904 869 979 emendandum
887 924 1063 983 conatum
1084 907 1313 995 adbibuerit,

238 1005 677 1177 eademsuspicio'utippe
687 1007 856 1091 recurrit,
867 1009 937 1104 qui
948 1006 1315 1092 fiu-urconsessarius

237 1130 314 1179 non
333 1107 445 1204 possit
461 1101 594 1175 habere
667 1108 745 1199 ejus
760 1102 999 1202 dispositione
1013 1103 1190 1178 moralem
1205 1107 1315 1176 certi·

235 1203 427 1287 tudinem,
445 1201 684 1275 sufficientem
708 1200 906 1301 respective
931 1202 978 1275 ad
1000 1203 1073 1276 boo
1094 1204 1314 1276 Sacramen-

235 1317 334 1389 tum,
354 1318 393 1375 ut
408 1298 771 1397 insr'aaxplicahirur.

285 1400 454 1473 Secunda
468 1396 552 1470 verb
566 1424 648 1496 pars
658 1413 710 1470 est
726 1414 852 1472 eontra
865 1398 1065 1472 secundam
1078 1397 1312 1486 sententiam,

237 1523 320 1597 quae
333 1523 417 1569 cum
439 1495 664 1568 intolerabili
677 1497 803 1594 rigore
823 1498 927 1585 dicit,
948 1501 1150 1594 numqubm
1171 1494 1312 1567 absolvi

234 1621 342 1696 posse
368 1593 753 1679 consuetudinarium,
775 1596 841 1667 nisi
863 1622 929 1694 per
952 1595 1097 1698 longam
1121 1595 1315 1692 experien-

234 1696 327 1767 tiam
340 1706 483 1767 constet
494 1691 540 1763 de
553 1691 668 1791 ipsius
678 1692 954 1764 emendatione.
970 1695 1072 1765 Ratio
1087 1708 1219 1766 nostre
1234 1717 1313 1763 sen-

233 1792 356 1865 tentiae
382 1806 455 1880 est,
483 1791 568 1890 quia
593 1789 778 1889 relapsus,
801 1794 946 1863 tametsi
973 1792 1132 1885 praebeat
1147 1788 1312 1889 aliquam

232 1891 497 1991 suspicionem,
515 1916 591 1960 non
610 1902 730 1960 tamen
747 1904 888 1961 certum
904 1888 1052 1961 exhibet
1066 1893 1214 1986 signum
1230 1888 1312 1960 dis·

232 1990 423 2086 positionis
439 2016 448 2067 ;
462 1986 560 2060 bene
576 1988 673 2058 enim
688 1987 902 2085 contingere
914 2003 1052 2085 potest,
1073 1987 1176 2085 quod
1192 1988 1313 2086 poeni·

231 2101 313 2160 tens
328 2085 410 2158 verb
425 2085 594 2156 habuerit
607 2085 750 2155 iinmam
770 2092 991 2157 voluntatem
1008 2112 1082 2158 non
1097 2085 1312 2171 relabendi,

230 2199 413 2257 ettamen
443 2183 476 2253 ri
510 2182 610 2279 pravi
631 2180 777 2254 habitus
805 2184 853 2255 sit
874 2183 1057 2281 relapsus,
1087 2201 1131 2254 ut
1158 2183 1314 2256 advertit

228 2284 263 2355 S.
280 2280 475 2355 Anseimus
489 2279 558 2374 (de
575 2279 692 2351 Samii.
709 2306 742 2353 c.
759 2281 856 2377 189.)
874 2280 1016 2371 dicens,
1030 2279 1132 2382 quod
1152 2306 1313 2354 consue·

228 2379 427 2468 tudinarii,
444 2403 564 2477 ⁴proso
590 2402 656 2450 usu
677 2374 809 2460 z'rreub',
830 2379 989 2450 nolentes
1016 2379 1052 2451 in
1076 2382 1201 2451 eadem
1229 2381 1312 2452 vr'tia

227 2477 441 2574 dejiciantur.
460 2477 569 2551 Unde
586 2480 729 2578 quoties
747 2475 928 2575 poenitens
947 2477 1051 2549 affert
1073 2479 1174 2573 signa
1193 2494 1311 2550 extra-

229 2577 414 2650 ordinaria
431 2574 588 2661 doloris,
602 2600 668 2674 per
682 2580 724 2647 ea
742 2572 888 2646 tollitur
911 2577 1071 2673 suspicio
1094 2577 1160 2648 iiia
1178 2576 1224 2648 de
1250 2579 1310 2648 in-

174 2704 199 2725 ··
229 2675 487 2776 dispositione,
502 2689 539 2746 et
557 2673 911 2747 tuncConiessarius
929 2674 1127 2773 prudenter
1145 2674 1310 2771 iudicare

227 2776 375 2875 poterit,
386 2799 496 2845 suum
512 2775 751 2870 poenitentem
762 2773 848 2844 satis
864 2797 941 2844 esse
957 2771 1185 2873 dispositum.
1196 2772 1310 2847 Undt

225 2871 327 2947 recte
340 2875 391 2944 ait
410 2874 450 2944 P.
473 2869 623 2945 Miisnta
641 2872 680 2942 in
694 2870 877 2968 proptio
897 2868 1023 2944 damn.
1040 2870 1085 2942 ab
1099 2873 1227 2945 innoc.
1242 2873 1306 2945 Xi.

227 2969 340 3066 sopri
354 2967 466 3041 relata
479 2985 509 3041 t.
526 2994 548 3039 a
567 2996 603 3065 p.
614 2966 696 3043 386.
717 2969 819 3067 quod
834 2967 971 3039 ibi'non
988 2969 1193 3041 excludatur
1202 2968 1309 3043 abso·

226 3066 295 3139 late
305 3065 629 3140 consuetudinarias
640 3064 822 3164 utcumque
833 3063 923 3146 tulii,
942 3065 1008 3138 sed
1020 3068 1080 3166 qui
1096 3069 1226 3139 nullum
1243 3069 1310 3140 dot

227 3161 479 3236 meadatrbnir
501 3187 616 3254 spem.
648 3163 757 3261 Igitur
781 3163 1128 3251 consuetudinarios,
1163 3165 1224 3263 qui
1245 3166 1310 3237 dat

226 3263 381 3362 aliquam
408 3259 661 3333 emendatrbnis
690 3286 820 3357 «spem
844 3259 947 3331 modo
965 3260 1040 3333 hoec
1062 3263 1110 3333 sit
1132 3263 1245 3334 solido
1271 3276 1310 3334 et

225 3356 377 3450 fiindata
387 3412 396 3442 ,
407 3372 527 3455 potest
538 3357 679 3430 absolvi.
692 3361 766 3432 Tot
779 3373 899 3431 autem
914 3360 1141 3431 auctoritates
1158 3360 1217 3431 SS.
1233 3360 1309 3431 Pa·

226 3470 348 3548 trum,
363 3474 452 3557 quas
469 3454 659 3529 adducunt
671 3456 883 3559 adversarii,
897 3457 991 3530 nihii
1009 3456 1110 3530 aiiud
1128 3457 1305 3555 probant,

228 3562 339 3655 quarn
357 3581 527 3653 magnam
542 3554 646 3628 iliam
664 3553 934 3643 difficultatem,
980 3580 1035 3627 uae
1060 3555 1162 3627 adest
1172 3557 1213 3651 in
1240 3582 1307 3627 ex-

226 3653 399 3754 tirpando
426 3678 535 3752 pravo
558 3653 713 3742 habitu3
739 3652 803 3727 sed
833 3651 928 3725 bene
946 3581 1055 3725 ‹iocet
1073 3656 1175 3750 Lugo
1192 3653 1231 3726 d.
1262 3657 1313 3748 ¹4<

224 3779 263 3824 n.
289 3752 365 3826 166.
385 3751 588 3825 eumSuar.
607 3751 740 3824 Sanob.
760 3753 843 3847 neg.
864 3753 975 3824 Henr.
992 3765 1028 3824 et
1045 3749 1123 3824 aiiis
1138 3777 1306 3823 commu·

227 3854 338 3935 niter,
356 3852 454 3949 quod
468 3849 660 3943 Dripositio
676 3846 858 3946 sufficiens
873 3848 921 3921 sit
931 3850 1033 3921 dolor
1042 3864 1078 3921 et
1090 3849 1317 3947 proportioni.

222 3973 400 4045 praesens,
419 3971 489 4017 non
504 3944 857 4040 emerrdutrofutura‚
877 3961 980 4044 atque
995 3946 1043 4025 ito
1055 3948 1226 4043 penitens
1234 3972 1316 4045 po··

224 4046 302 4117 terit
317 4042 464 4126 absolvi,
480 4043 560 4114 licet
568 4043 740 4136 juditam
757 4045 964 4141 relapsnms.
980 4044 1059 4118 Nee
1080 4072 1202 4118 rerum
1225 4059 1301 4136 est,

226 4138 329 4243 quod
346 4140 422 4216 sola
439 4143 612 4241 temporis
631 4140 797 4245 probatio
812 4145 966 4218 unicum
985 4145 1032 4218 sit
1050 4145 1196 4244 siguum
1214 4169 1302 4219 mu·
