2884 4684
222 233 304 325 cap.
324 233 352 301 1.
371 231 459 302 aas.
477 232 520 301 ιι.
539 233 590 303 se
611 202 746 303 aseae
759 232 858 325 teja
879 180 1089 304 ste-aeae.
1132 225 1203 323 syr

120 342 278 418 tollendi
319 348 549 419 occasionem
593 345 839 422 voluntariam
869 358 924 417 est
961 346 1200 444 negativum,

121 443 159 515 id
180 459 326 517 estnon
346 442 587 543 permanendi
603 448 640 516 in
655 445 850 518 occasione
868 444 883 540 (
893 440 1001 542 proiat
1026 455 1081 515 est
1103 438 1200 540 prce-⁴

122 567 142 613 c
167 558 271 639 ptum
288 568 364 615 non
386 541 566 615 retinendi
585 542 749 616 alienum
760 544 796 637 ),
812 556 849 615 et
864 540 935 614 boc
951 538 1086 636 obligat
1102 566 1199 615 sem·

119 665 146 740 p
170 655 234 713 ret
247 639 296 713 ad
309 664 475 738 semper3
495 638 595 714 unde
613 642 675 740 qni
693 654 814 740 potest
827 639 1057 713 occasionem
1073 640 1198 713 statim

121 765 140 810 r
163 762 323 827 movere,
345 747 382 811 et
400 763 474 810 non
495 754 675 823 removet,
702 753 757 811 est
778 739 817 810 in
838 736 973 812 actuali
995 753 1198 836 transgres-

119 838 221 909 sione
243 839 436 936 praecepti,
461 851 497 909 et
515 836 601 911 ided
616 836 869 936 indispositus.
896 835 966 908 Sed
998 834 1079 907 haec
1106 835 1198 908 ratio

122 958 243 1033 neque
263 935 415 1007 omninb
430 934 621 1021 satisfacit,
646 935 700 1008 vel
725 934 851 1010 saltem
880 932 1121 1032 intelligenda
1144 946 1200 1011 est

118 1031 158 1104 in
172 1031 250 1105 solo
262 1058 368 1120 casu,
381 1056 455 1132 quo
470 1034 648 1146 paenitens
666 1031 757 1107 nolit
771 1034 892 1106 statim
907 1047 990 1131 poet
1003 1030 1202 1104 absolutio·
1229 1034 1232 1039 '

117 1154 203 1202 nem
219 1132 350 1203 tollere
370 1153 617 1221 occasionem,
636 1130 832 1217 ettantirm
853 1131 1040 1225 promittat
1057 1129 1200 1202 auferre

122 1227 161 1299 in
176 1227 341 1300 sutoriam
355 1252 364 1318 ;
377 1243 413 1300 at
429 1230 459 1302 si
476 1231 655 1327 poenitens
673 1230 711 1300 in
733 1245 815 1302 actu
829 1226 1200 1318 xConfessionislirmb

125 1339 343 1424 proponeret
367 1331 597 1415 occasionem
623 1352 808 1401 removere
835 1330 956 1400 statim
979 1352 1021 1400 ac
1044 1326 1199 1403 domum

121 1422 228 1513 redit,
244 1450 318 1496 non
332 1424 451 1507 video,
468 1448 536 1500 cur
556 1425 734 1499 dicendus
749 1439 843 1498 esset
862 1425 920 1497 hic
939 1423 1199 1523 indispositus,

120 1533 158 1593 et
178 1521 280 1621 quod
304 1538 490 1620 praecepto
513 1526 771 1597 contraveoiat.
792 1523 894 1595 Ratio
912 1526 1031 1622 potior
1056 1539 1092 1595 et
1115 1547 1199 1623 vcra

120 1615 198 1690 haec
214 1620 304 1692 mibi
318 1616 578 1695 videturesse:
599 1622 734 1695 ablatio
753 1623 951 1694 occasionis
965 1638 1085 1694 estres
1098 1644 1201 1717 mag·

121 1715 260 1807 noperd
283 1719 417 1800 ardua,
436 1733 473 1792 et
490 1746 565 1791 non
583 1721 623 1793 fit
640 1719 723 1802 nisi¹
736 1722 818 1820 quis
837 1746 1007 1817 magnam
1031 1721 1104 1790 vim
1129 1718 1200 1792 sibi

119 1813 268 1899 inferat,
279 1830 319 1887 ut
330 1815 505 1889 avellatur
519 1816 566 1889 ab
577 1819 640 1890 illa
651 1822 839 1901 occasione
851 1823 914 1901 ,ad
929 1844 1038 1916 quam
1051 1833 1201 1916 propter:
1254 1857 1260 1869 ·

36 1922 46 1936 '‘
123 1915 339 2010 praeteritam
355 1914 411 1987 sui
428 1915 541 1987 animi
555 1914 801 1988 adhaesionem
819 1930 978 1988 remanet
994 1914 1098 1989 valde
1114 1942 1201 2005 pro·

151 2035 260 2086 cneus
278 2037 287 2096 3
305 2026 342 2085 et
357 2011 463 2096 ideb,
484 2014 513 2085 si
538 2018 678 2089 occasio
695 2040 770 2090 non
793 2014 953 2086 aufertur
980 2008 1203 2088 ante‘abso··

121 2035 501 2209 lationempoenitens
514 2109 560 2185 de
573 2111 669 2184 facili
686 2113 1040 2209 postabsolutionem
1056 2138 1093 2185 se
1104 2113 1202 2187 deci·

12 2212 19 2225 ⁴
123 2205 315 2306 piet,salsb
328 2206 397 2280 sibi
410 2209 614 2298 suadendo,
624 2211 724 2309 quod
735 2211 993 2291 tentationibus
1008 2215 1202 2285 restiturus

125 2308 191 2397 sit3
211 2314 246 2380 et
259 2309 332 2390 sic,
350 2310 541 2383 occasione
552 2334 625 2379 non
642 2308 813 2393 dimissa,
828 2307 993 2407 prolectb
1006 2310 1138 2402 redibit
1152 2308 1201 2384 ad

122 2407 314 2477 vomitum.
327 2406 409 2497 Qua
425 2403 542 2491 dere,
560 2408 590 2478 si
606 2406 685 2477 talis
699 2404 811 2477 vellet
823 2403 983 2492 absolvi,
1003 2411 1202 2507 antequem

124 2504 359 2584 occasionem*
374 2501 533 2591 deserat,
551 2519 643 2576 esset
658 2502 915 2601 indispositus,
936 2508 1020 2601 quia
1047 2530 1084 2577 se
1107 2528 1202 2577 con-

123 2603 290 2674 stitueret
301 2600 338 2673 in
353 2599 533 2697 probabili
548 2601 941 2700 periculoinfringendi
952 2604 1200 2700 propositum:

126 2722 169 2771 ae
185 2704 371 2799 propterea
387 2699 651 2784 confessarius,
669 2702 732 2797 qui
745 2724 829 2772 eum
845 2699 1046 2773 absolveret
1058 2757 1065 2782 ,
1078 2702 1203 2801 ipsum

126 2795 373 2895 relinquendo
399 2798 438 2869 in
464 2798 528 2869 tali
557 2797 745 2911 periculo,
771 2799 898 2896 ntique
914 2815 1095 2897 peccaret
1129 2806 1203 2874 tam

125 2909 251 2967 contra
276 2893 435 2967 officium
449 2896 612 2984 ludicre,
629 2900 741 2994 quam
759 2896 908 2978 Medici,
932 2898 1018 2996 qaia
1035 2896 1203 2971 absolve·

126 3008 184 3066 ret
201 2993 460 3093 indispositum
477 3049 487 3082 ,
504 3021 578 3067 non
596 2993 817 3093 applicando
835 2995 890 3067 illi
904 2995 1106 3068 remedium
1123 3000 1206 3095 ejus

127 3092 239 3165 saladi
264 3095 522 3165 necessarium,
907 3138 911 3147 ‚
1099 3144 1104 3155 ·

175 3191 281 3263 Dices
300 3219 309 3261 ι
328 3192 534 3277 Paeniteat,
551 3190 616 3289 qui
631 3189 742 3264 habet
756 3218 822 3290 pro
838 3215 876 3263 se
894 3191 1106 3291 opinionem
1122 3219 1206 3288 pro·

126 3284 290 3361 babilam
308 3347 316 3373 ,
331 3288 440 3361 debet
452 3288 599 3371 absolvi,
617 3291 721 3389 quia,
745 3312 829 3361 cnm
843 3290 889 3362 sit
902 3288 1119 3390 dispositus,
1140 3291 1206 3364 ha·

128 3383 193 3458 bet
215 3390 273 3485 jus
299 3386 345 3458 ad
370 3387 640 3461 absolutionem
663 3391 789 3487 ,juxta
806 3388 909 3459 dicta
937 3389 962 3460 l.
992 3416 1003 3460 ι
1031 3415 1066 3460 ιι.
1094 3390 1149 3463 25.
1170 3401 1213 3489 et

130 3483 287 3558 dicenda
304 3512 341 3565 n.
360 3486 444 3577 604.
459 3484 558 3583 Ergo
571 3485 701 3583 siquis
717 3486 925 3559 efformaret
938 3486 1004 3560 sibi
1021 3490 1208 3562 conscicn-

130 3584 220 3656 tiam
237 3581 478 3680 probabilem,
491 3588 593 3680 jutta
605 3586 762 3682 primam
777 3600 1005 3675 sententiam,
1023 3600 1209 3659 teneretur

128 3681 382 3753 Confessarius
402 3704 488 3754 eum
512 3680 712 3754 absolvere.
735 3681 989 3783 Respondetur
1011 3709 1021 3755 ι
1047 3682 1146 3782 quod
1165 3683 1210 3755 il-

129 3778 275 3852 licitum
298 3779 345 3850 sit
368 3783 435 3870 (ut
451 3777 609 3851 diximus
625 3806 708 3851 mos
724 3788 834 3880 supra
854 3807 889 3853 n.
906 3780 1086 3873 ‹fid-dub.
1108 3806 1131 3853 a
1144 3792 1155 3871 t
1170 3806 1210 3856 so

128 3874 335 3953 voluntarie
371 3900 553 3974 exponere
590 3876 772 3978 probabili
808 3879 973 3977 periculo
1003 3876 1210 3977 peccandi,

96 3972 102 3985 ’
127 3974 232 4050 nudb
258 3990 385 4074 peccet
410 3977 592 4075 poenitens
610 3976 803 4076 ,quivult
827 3972 1093 4050 absolutionem
1114 3978 1212 4051 reci-

132 4096 243 4174 pcre,
264 4069 461 4179 autequltm
477 4075 708 4150 occasionem
725 4074 901 4166 dimittat,
920 4101 1005 4152 oum
1018 4077 1213 4154 saimaie-
