<?xml version="1.0" encoding="UTF-8"?>
<!DOCTYPE html PUBLIC "-//W3C//DTD XHTML 1.0 Transitional//EN"
    "http://www.w3.org/TR/xhtml1/DTD/xhtml1-transitional.dtd">
<html xmlns="http://www.w3.org/1999/xhtml" xml:lang="en" lang="en">
 <head>
  <title>
</title>
<meta http-equiv="Content-Type" content="text/html;charset=utf-8" />
  <meta name='ocr-system' content='tesseract 3.04.00' />
  <meta name='ocr-capabilities' content='ocr_page ocr_carea ocr_par ocr_line ocrx_word'/>
</head>
<body>
  <div class='ocr_page' id='page_1' title='image "./theologiamorali08ligugoog_0448.png"; bbox 0 0 2884 4684; ppageno 0'>
   <div class='ocr_carea' id='block_1_1' title="bbox 280 194 1249 279">
    <p class='ocr_par' dir='ltr' id='par_1_1' title="bbox 280 194 1249 279">
     <span class='ocr_line' id='line_1_1' title="bbox 280 194 1249 279; baseline 0.001 -16"><span class='ocrx_word' id='word_1_1' title='bbox 280 194 347 264; x_wconf 74' lang='lat'><strong>414</strong></span> <span class='ocrx_word' id='word_1_2' title='bbox 385 195 459 263; x_wconf 83' lang='lat' dir='ltr'><strong>Lib.</strong></span> <span class='ocrx_word' id='word_1_3' title='bbox 475 194 535 264; x_wconf 73' lang='lat' dir='ltr'><strong>Vl.</strong></span> <span class='ocrx_word' id='word_1_4' title='bbox 555 197 663 264; x_wconf 79' lang='lat' dir='ltr'><strong>Tract.</strong></span> <span class='ocrx_word' id='word_1_5' title='bbox 678 195 738 265; x_wconf 74' lang='lat' dir='ltr'><strong>IV.</strong></span> <span class='ocrx_word' id='word_1_6' title='bbox 755 197 806 265; x_wconf 84' lang='lat' dir='ltr'><strong>De</strong></span> <span class='ocrx_word' id='word_1_7' title='bbox 820 195 1024 279; x_wconf 71' lang='lat' dir='ltr'><strong>Summano</strong></span> <span class='ocrx_word' id='word_1_8' title='bbox 1041 194 1249 264; x_wconf 78' lang='lat' dir='ltr'><strong>Punitentic.</strong></span> 
     </span>
    </p>
   </div>
   <div class='ocr_carea' id='block_1_2' title="bbox 233 306 1362 1780">
    <p class='ocr_par' dir='ltr' id='par_1_2' title="bbox 233 306 1362 1780">
     <span class='ocr_line' id='line_1_2' title="bbox 282 306 1358 406; baseline 0.003 -26"><span class='ocrx_word' id='word_1_9' title='bbox 282 308 441 380; x_wconf 70' lang='lat' dir='ltr'><strong>secunda</strong></span> <span class='ocrx_word' id='word_1_10' title='bbox 459 334 531 379; x_wconf 89' lang='lat' dir='ltr'><strong>non</strong></span> <span class='ocrx_word' id='word_1_11' title='bbox 548 307 689 380; x_wconf 80' lang='lat' dir='ltr'><strong>vidntur</strong></span> <span class='ocrx_word' id='word_1_12' title='bbox 704 310 768 379; x_wconf 65' lang='lat' dir='ltr'><strong>sub</strong></span> <span class='ocrx_word' id='word_1_13' title='bbox 784 306 1037 406; x_wconf 78' lang='lat' dir='ltr'><strong>piobabilitate</strong></span> <span class='ocrx_word' id='word_1_14' title='bbox 1053 307 1236 382; x_wconf 82' lang='lat' dir='ltr'><strong>destituto.</strong></span> <span class='ocrx_word' id='word_1_15' title='bbox 1255 306 1358 383; x_wconf 80' lang='lat' dir='ltr'><strong>Ratio</strong></span> 
     </span>
     <span class='ocr_line' id='line_1_3' title="bbox 288 406 1358 523; baseline 0.002 -46"><span class='ocrx_word' id='word_1_16' title='bbox 288 432 319 477; x_wconf 81' lang='grc' dir='ltr'><strong>ι.</strong></span> <span class='ocrx_word' id='word_1_17' title='bbox 341 406 424 502; x_wconf 78' lang='lat' dir='ltr'><strong>quia</strong></span> <span class='ocrx_word' id='word_1_18' title='bbox 443 406 701 479; x_wconf 80' lang='lat' dir='ltr'><strong>Tridentinnm</strong></span> <span class='ocrx_word' id='word_1_19' title='bbox 718 408 785 478; x_wconf 91' lang='lat' dir='ltr'><strong>loc.</strong></span> <span class='ocrx_word' id='word_1_20' title='bbox 805 408 865 479; x_wconf 89' lang='lat' dir='ltr'><strong>cit.</strong></span> <span class='ocrx_word' id='word_1_21' title='bbox 888 433 962 478; x_wconf 90' lang='lat' dir='ltr'><strong>non</strong></span> <span class='ocrx_word' id='word_1_22' title='bbox 980 407 1118 513; x_wconf 78' lang='lat' dir='ltr'><strong>obligat</strong></span> <span class='ocrx_word' id='word_1_23' title='bbox 1136 410 1358 523; x_wconf 78' lang='lat' dir='ltr'><strong>poenitentes</strong></span> 
     </span>
     <span class='ocr_line' id='line_1_4' title="bbox 282 503 1360 604; baseline -0.001 -28"><span class='ocrx_word' id='word_1_24' title='bbox 282 504 353 577; x_wconf 86' lang='lat' dir='ltr'><strong>nisi</strong></span> <span class='ocrx_word' id='word_1_25' title='bbox 384 503 429 574; x_wconf 93' lang='lat' dir='ltr'><strong>ad</strong></span> <span class='ocrx_word' id='word_1_26' title='bbox 459 503 665 576; x_wconf 84' lang='lat' dir='ltr'><strong>conlitenda</strong></span> <span class='ocrx_word' id='word_1_27' title='bbox 691 505 810 574; x_wconf 76' lang='lat' dir='ltr'><strong>onmia</strong></span> <span class='ocrx_word' id='word_1_28' title='bbox 832 519 976 601; x_wconf 69' lang='lat' dir='ltr'><strong>piccuto</strong></span> <span class='ocrx_word' id='word_1_29' title='bbox 1001 507 1185 593; x_wconf 67' lang='lat' dir='ltr'><strong>moneta,</strong></span> <span class='ocrx_word' id='word_1_30' title='bbox 1215 529 1360 604; x_wconf 76' lang='lat' dir='ltr'><strong>quorum</strong></span> 
     </span>
     <span class='ocr_line' id='line_1_5' title="bbox 283 600 1360 692; baseline -0.002 -18"><span class='ocrx_word' id='word_1_31' title='bbox 283 601 531 674; x_wconf 74' lang='lat' dir='ltr'><strong>conscientium</strong></span> <span class='ocrx_word' id='word_1_32' title='bbox 547 600 775 674; x_wconf 74' lang='lat' dir='ltr'><strong>habentNon</strong></span> <span class='ocrx_word' id='word_1_33' title='bbox 791 602 900 691; x_wconf 83' lang='lat' dir='ltr'><strong>dicit,</strong></span> <span class='ocrx_word' id='word_1_34' title='bbox 914 603 967 673; x_wconf 87' lang='lat' dir='ltr'><strong>uti</strong></span> <span class='ocrx_word' id='word_1_35' title='bbox 982 619 1065 677; x_wconf 87' lang='lat' dir='ltr'><strong>sunt</strong></span> <span class='ocrx_word' id='word_1_36' title='bbox 1082 607 1118 676; x_wconf 91' lang='lat' dir='ltr'><strong>in</strong></span> <span class='ocrx_word' id='word_1_37' title='bbox 1139 606 1360 692; x_wconf 72' lang='lat' dir='ltr'><strong>concientia,</strong></span> 
     </span>
     <span class='ocr_line' id='line_1_6' title="bbox 282 699 1359 800; baseline -0.001 -29"><span class='ocrx_word' id='word_1_38' title='bbox 282 699 415 799; x_wconf 72' lang='lat' dir='ltr'><strong>nemple</strong></span> <span class='ocrx_word' id='word_1_39' title='bbox 425 700 478 770; x_wconf 83' lang='lat' dir='ltr'><strong>vel</strong></span> <span class='ocrx_word' id='word_1_40' title='bbox 492 699 712 786; x_wconf 82' lang='lat' dir='ltr'><strong>utcecta,vel</strong></span> <span class='ocrx_word' id='word_1_41' title='bbox 725 715 764 771; x_wconf 88' lang='lat' dir='ltr'><strong>ut</strong></span> <span class='ocrx_word' id='word_1_42' title='bbox 774 699 885 772; x_wconf 86' lang='lat' dir='ltr'><strong>dubia</strong></span> <span class='ocrx_word' id='word_1_43' title='bbox 895 702 975 785; x_wconf 85' lang='lat' dir='ltr'><strong>‚sed</strong></span> <span class='ocrx_word' id='word_1_44' title='bbox 987 728 1145 800; x_wconf 83' lang='lat' dir='ltr'><strong>quorum</strong></span> <span class='ocrx_word' id='word_1_45' title='bbox 1162 701 1359 775; x_wconf 88' lang='lat' dir='ltr'><strong>conscien-</strong></span> 
     </span>
     <span class='ocr_line' id='line_1_7' title="bbox 282 797 1361 897; baseline 0.002 -29"><span class='ocrx_word' id='word_1_46' title='bbox 282 797 370 869; x_wconf 88' lang='lat' dir='ltr'><strong>tiam</strong></span> <span class='ocrx_word' id='word_1_47' title='bbox 385 797 550 886; x_wconf 78' lang='lat' dir='ltr'><strong>liabent,</strong></span> <span class='ocrx_word' id='word_1_48' title='bbox 570 798 670 897; x_wconf 90' lang='lat' dir='ltr'><strong>qnod</strong></span> <span class='ocrx_word' id='word_1_49' title='bbox 688 800 858 887; x_wconf 74' lang='lat' dir='ltr'><strong>importat</strong></span> <span class='ocrx_word' id='word_1_50' title='bbox 877 798 1013 871; x_wconf 85' lang='lat' dir='ltr'><strong>habere</strong></span> <span class='ocrx_word' id='word_1_51' title='bbox 1033 801 1202 872; x_wconf 79' lang='lat' dir='ltr'><strong>notitiam</strong></span> <span class='ocrx_word' id='word_1_52' title='bbox 1221 813 1361 871; x_wconf 84' lang='lat' dir='ltr'><strong>certam</strong></span> 
     </span>
     <span class='ocr_line' id='line_1_8' title="bbox 283 895 1360 993; baseline 0 -26"><span class='ocrx_word' id='word_1_53' title='bbox 283 900 449 993; x_wconf 81' lang='lat' dir='ltr'><strong>peccati3</strong></span> <span class='ocrx_word' id='word_1_54' title='bbox 469 897 673 970; x_wconf 82' lang='lat' dir='ltr'><strong>concientia</strong></span> <span class='ocrx_word' id='word_1_55' title='bbox 701 898 799 969; x_wconf 89' lang='lat' dir='ltr'><strong>euim</strong></span> <span class='ocrx_word' id='word_1_56' title='bbox 816 899 880 991; x_wconf 88' lang='lat' dir='ltr'><strong>(ut</strong></span> <span class='ocrx_word' id='word_1_57' title='bbox 905 897 954 968; x_wconf 85' lang='lat' dir='ltr'><strong>ait</strong></span> <span class='ocrx_word' id='word_1_58' title='bbox 976 898 1012 971; x_wconf 82' lang='lat' dir='ltr'><strong>S.</strong></span> <span class='ocrx_word' id='word_1_59' title='bbox 1040 897 1238 988; x_wconf 78' lang='lat' dir='ltr'><strong>bernard.)</strong></span> <span class='ocrx_word' id='word_1_60' title='bbox 1262 895 1360 967; x_wconf 88' lang='lat' dir='ltr'><strong>nihil</strong></span> 
     </span>
     <span class='ocr_line' id='line_1_9' title="bbox 282 988 1361 1095; baseline 0.003 -30"><span class='ocrx_word' id='word_1_61' title='bbox 282 992 475 1080; x_wconf 74' lang='lat' dir='ltr'><strong>alludent,</strong></span> <span class='ocrx_word' id='word_1_62' title='bbox 494 995 565 1067; x_wconf 84' lang='lat' dir='ltr'><strong>nisi</strong></span> <span class='ocrx_word' id='word_1_63' title='bbox 585 994 699 1067; x_wconf 62' lang='lat' dir='ltr'><strong>cordis</strong></span> <span class='ocrx_word' id='word_1_64' title='bbox 717 988 884 1091; x_wconf 54' lang='lat' dir='ltr'><strong>scicntia,</strong></span> <span class='ocrx_word' id='word_1_65' title='bbox 901 1009 937 1067; x_wconf 87' lang='lat' dir='ltr'><strong>ct</strong></span> <span class='ocrx_word' id='word_1_66' title='bbox 953 996 1133 1095; x_wconf 78' lang='lat' dir='ltr'><strong>judiciuin</strong></span> <span class='ocrx_word' id='word_1_67' title='bbox 1154 996 1361 1095; x_wconf 85' lang='lat' dir='ltr'><strong>practicum</strong></span> 
     </span>
     <span class='ocr_line' id='line_1_10' title="bbox 283 1091 1360 1191; baseline 0 -28"><span class='ocrx_word' id='word_1_68' title='bbox 283 1091 329 1163; x_wconf 89' lang='lat' dir='ltr'><strong>de</strong></span> <span class='ocrx_word' id='word_1_69' title='bbox 346 1109 493 1191; x_wconf 83' lang='lat' dir='ltr'><strong>peccato</strong></span> <span class='ocrx_word' id='word_1_70' title='bbox 508 1093 714 1165; x_wconf 83' lang='lat' dir='ltr'><strong>commisso.</strong></span> <span class='ocrx_word' id='word_1_71' title='bbox 728 1092 959 1166; x_wconf 84' lang='lat' dir='ltr'><strong>Conscientia</strong></span> <span class='ocrx_word' id='word_1_72' title='bbox 975 1108 1099 1166; x_wconf 90' lang='lat' dir='ltr'><strong>autem</strong></span> <span class='ocrx_word' id='word_1_73' title='bbox 1115 1092 1225 1166; x_wconf 89' lang='lat' dir='ltr'><strong>dubia</strong></span> <span class='ocrx_word' id='word_1_74' title='bbox 1238 1115 1360 1191; x_wconf 76' lang='lat' dir='ltr'><strong>neque</strong></span> 
     </span>
     <span class='ocr_line' id='line_1_11' title="bbox 233 1184 1360 1292; baseline -0.002 -29"><span class='ocrx_word' id='word_1_75' title='bbox 233 1248 238 1255; x_wconf 90' lang='lat'>.</span> <span class='ocrx_word' id='word_1_76' title='bbox 282 1205 337 1263; x_wconf 79' lang='lat' dir='ltr'><strong>est</strong></span> <span class='ocrx_word' id='word_1_77' title='bbox 356 1193 530 1275; x_wconf 82' lang='lat' dir='ltr'><strong>scientia,</strong></span> <span class='ocrx_word' id='word_1_78' title='bbox 555 1214 674 1290; x_wconf 85' lang='lat' dir='ltr'><strong>neque</strong></span> <span class='ocrx_word' id='word_1_79' title='bbox 697 1184 893 1287; x_wconf 79' lang='lat' dir='ltr'><strong>judicium,</strong></span> <span class='ocrx_word' id='word_1_80' title='bbox 914 1192 980 1264; x_wconf 88' lang='lat' dir='ltr'><strong>sed</strong></span> <span class='ocrx_word' id='word_1_81' title='bbox 999 1192 1189 1292; x_wconf 77' lang='lat' dir='ltr'><strong>suspensio</strong></span> <span class='ocrx_word' id='word_1_82' title='bbox 1210 1190 1360 1289; x_wconf 80' lang='lat' dir='ltr'><strong>judicii,</strong></span> 
     </span>
     <span class='ocr_line' id='line_1_12' title="bbox 282 1286 1359 1388; baseline -0.003 -27"><span class='ocrx_word' id='word_1_83' title='bbox 282 1288 384 1362; x_wconf 67' lang='lat' dir='ltr'><strong>undb</strong></span> <span class='ocrx_word' id='word_1_84' title='bbox 398 1286 631 1363; x_wconf 77' lang='lat' dir='ltr'><strong>mintmtdici</strong></span> <span class='ocrx_word' id='word_1_85' title='bbox 642 1302 761 1388; x_wconf 88' lang='lat' dir='ltr'><strong>potest</strong></span> <span class='ocrx_word' id='word_1_86' title='bbox 776 1287 910 1379; x_wconf 71' lang='lat' dir='ltr'><strong>habere</strong></span> <span class='ocrx_word' id='word_1_87' title='bbox 923 1290 1184 1363; x_wconf 84' lang='lat' dir='ltr'><strong>conscientiam</strong></span> <span class='ocrx_word' id='word_1_88' title='bbox 1196 1291 1359 1387; x_wconf 83' lang='lat' dir='ltr'><strong>peccati,</strong></span> 
     </span>
     <span class='ocr_line' id='line_1_13' title="bbox 284 1386 1361 1487; baseline 0 -29"><span class='ocrx_word' id='word_1_89' title='bbox 284 1388 348 1486; x_wconf 89' lang='lat' dir='ltr'><strong>qui</strong></span> <span class='ocrx_word' id='word_1_90' title='bbox 365 1386 505 1459; x_wconf 90' lang='lat' dir='ltr'><strong>nullam</strong></span> <span class='ocrx_word' id='word_1_91' title='bbox 523 1388 701 1482; x_wconf 85' lang='lat' dir='ltr'><strong>rationem</strong></span> <span class='ocrx_word' id='word_1_92' title='bbox 721 1386 850 1471; x_wconf 84' lang='lat' dir='ltr'><strong>hahet,</strong></span> <span class='ocrx_word' id='word_1_93' title='bbox 871 1386 970 1487; x_wconf 90' lang='lat' dir='ltr'><strong>quod</strong></span> <span class='ocrx_word' id='word_1_94' title='bbox 990 1388 1087 1461; x_wconf 90' lang='lat' dir='ltr'><strong>illud</strong></span> <span class='ocrx_word' id='word_1_95' title='bbox 1107 1389 1361 1478; x_wconf 77' lang='lat' dir='ltr'><strong>commiserit3</strong></span> 
     </span>
     <span class='ocr_line' id='line_1_14' title="bbox 282 1484 1361 1587; baseline 0 -29"><span class='ocrx_word' id='word_1_96' title='bbox 282 1500 320 1558; x_wconf 87' lang='lat' dir='ltr'><strong>ct</strong></span> <span class='ocrx_word' id='word_1_97' title='bbox 333 1486 385 1559; x_wconf 87' lang='lat' dir='ltr'><strong>sic</strong></span> <span class='ocrx_word' id='word_1_98' title='bbox 402 1484 642 1586; x_wconf 78' lang='lat' dir='ltr'><strong>respondetur</strong></span> <span class='ocrx_word' id='word_1_99' title='bbox 657 1486 784 1581; x_wconf 76' lang='lat' dir='ltr'><strong>primic</strong></span> <span class='ocrx_word' id='word_1_100' title='bbox 801 1487 932 1560; x_wconf 83' lang='lat' dir='ltr'><strong>rationi</strong></span> <span class='ocrx_word' id='word_1_101' title='bbox 951 1488 1140 1587; x_wconf 81' lang='lat' dir='ltr'><strong>oppositae.</strong></span> <span class='ocrx_word' id='word_1_102' title='bbox 1158 1484 1202 1559; x_wconf 91' lang='lat' dir='ltr'><strong>ld</strong></span> <span class='ocrx_word' id='word_1_103' title='bbox 1219 1486 1361 1577; x_wconf 82' lang='lat' dir='ltr'><strong>confir·</strong></span> 
     </span>
     <span class='ocr_line' id='line_1_15' title="bbox 282 1580 1362 1668; baseline -0.001 -13"><span class='ocrx_word' id='word_1_104' title='bbox 282 1600 405 1656; x_wconf 81' lang='lat' dir='ltr'><strong>matur</strong></span> <span class='ocrx_word' id='word_1_105' title='bbox 429 1611 472 1658; x_wconf 86' lang='lat' dir='ltr'><strong>ex</strong></span> <span class='ocrx_word' id='word_1_106' title='bbox 497 1585 627 1657; x_wconf 86' lang='lat' dir='ltr'><strong>codem</strong></span> <span class='ocrx_word' id='word_1_107' title='bbox 652 1580 756 1658; x_wconf 76' lang='lat' dir='ltr'><strong>Trid.</strong></span> <span class='ocrx_word' id='word_1_108' title='bbox 784 1582 896 1668; x_wconf 61' lang='lat' dir='ltr'><strong>ibid„</strong></span> <span class='ocrx_word' id='word_1_109' title='bbox 925 1584 990 1658; x_wconf 93' lang='lat' dir='ltr'><strong>ubi</strong></span> <span class='ocrx_word' id='word_1_110' title='bbox 1016 1583 1188 1658; x_wconf 85' lang='lat' dir='ltr'><strong>additur:</strong></span> <span class='ocrx_word' id='word_1_111' title='bbox 1210 1586 1362 1659; x_wconf 81' lang='lat' dir='ltr'><strong>Constat</strong></span> 
     </span>
     <span class='ocr_line' id='line_1_16' title="bbox 283 1680 1360 1780; baseline 0.001 -29"><span class='ocrx_word' id='word_1_112' title='bbox 283 1682 392 1768; x_wconf 75' lang='lat' dir='ltr'><strong>enim,</strong></span> <span class='ocrx_word' id='word_1_113' title='bbox 409 1682 499 1755; x_wconf 80' lang='lat' dir='ltr'><strong>nihil</strong></span> <span class='ocrx_word' id='word_1_114' title='bbox 507 1682 603 1755; x_wconf 80' lang='lat' dir='ltr'><strong>alind</strong></span> <span class='ocrx_word' id='word_1_115' title='bbox 615 1683 651 1754; x_wconf 87' lang='lat' dir='ltr'><strong>in</strong></span> <span class='ocrx_word' id='word_1_116' title='bbox 661 1683 821 1756; x_wconf 77' lang='lat' dir='ltr'><strong>Ecclestit</strong></span> <span class='ocrx_word' id='word_1_117' title='bbox 835 1686 858 1752; x_wconf 78' lang='grc' dir='ltr'><em>ὰ</em></span> <span class='ocrx_word' id='word_1_118' title='bbox 864 1682 1105 1780; x_wconf 80' lang='lat' dir='ltr'><strong>poeni&#39;tentibus</strong></span> <span class='ocrx_word' id='word_1_119' title='bbox 1123 1680 1239 1780; x_wconf 53' lang='lat' dir='ltr'><strong>exigi,</strong></span> <span class='ocrx_word' id='word_1_120' title='bbox 1255 1684 1360 1780; x_wconf 68' lang='lat' dir='ltr'><strong>quim</strong></span> 
     </span>
    </p>
   </div>
   <div class='ocr_carea' id='block_1_3' title="bbox 156 1778 1362 1895">
    <p class='ocr_par' dir='ltr' id='par_1_3' title="bbox 156 1778 1362 1895">
     <span class='ocr_line' id='line_1_17' title="bbox 156 1778 1362 1895; baseline 0 -42"><span class='ocrx_word' id='word_1_121' title='bbox 156 1846 163 1853; x_wconf 94' lang='lat'>.</span> <span class='ocrx_word' id='word_1_122' title='bbox 282 1796 337 1866; x_wconf 85' lang='lat' dir='ltr'><strong>ut,</strong></span> <span class='ocrx_word' id='word_1_123' title='bbox 350 1782 535 1878; x_wconf 78' lang='lat' dir='ltr'><strong>postqnclm</strong></span> <span class='ocrx_word' id='word_1_124' title='bbox 551 1778 691 1895; x_wconf 69' lang='lat' dir='ltr'><strong>qnisqne</strong></span> <span class='ocrx_word' id='word_1_125' title='bbox 709 1779 905 1878; x_wconf 58' lang='lat' dir='ltr'><strong>diligentiis</strong></span> <span class='ocrx_word' id='word_1_126' title='bbox 916 1806 961 1854; x_wconf 75' lang='lat' dir='ltr'><strong>nc</strong></span> <span class='ocrx_word' id='word_1_127' title='bbox 972 1782 1204 1856; x_wconf 74' lang='lat' dir='ltr'><strong>excusserit...</strong></span> <span class='ocrx_word' id='word_1_128' title='bbox 1223 1805 1266 1852; x_wconf 86' lang='lat' dir='ltr'><strong>ea</strong></span> <span class='ocrx_word' id='word_1_129' title='bbox 1278 1804 1362 1879; x_wconf 83' lang='lat' dir='ltr'><strong>pec·</strong></span> 
     </span>
    </p>
   </div>
   <div class='ocr_carea' id='block_1_4' title="bbox 231 1877 1366 4146">
    <p class='ocr_par' dir='ltr' id='par_1_4' title="bbox 231 1877 1366 4146">
     <span class='ocr_line' id='line_1_18' title="bbox 281 1877 1362 1975; baseline -0.002 -25"><span class='ocrx_word' id='word_1_130' title='bbox 281 1877 1362 1975; x_wconf 72' lang='lat' dir='ltr'><strong>catacorfiteatu&#39;r,quibusse...Deumsuum&#39;mortaliteroffen·</strong></span> 
     </span>
     <span class='ocr_line' id='line_1_19' title="bbox 283 1974 1365 2076; baseline 0 -30"><span class='ocrx_word' id='word_1_131' title='bbox 283 1974 379 2048; x_wconf 84' lang='lat' dir='ltr'><strong>disse</strong></span> <span class='ocrx_word' id='word_1_132' title='bbox 393 1975 588 2047; x_wconf 75' lang='lat' dir='ltr'><strong>meminerit</strong></span> <span class='ocrx_word' id='word_1_133' title='bbox 605 2004 617 2045; x_wconf 91' lang='lat'><em>:</em></span> <span class='ocrx_word' id='word_1_134' title='bbox 632 1976 763 2075; x_wconf 80' lang='lat' dir='ltr'><strong>reliqua</strong></span> <span class='ocrx_word' id='word_1_135' title='bbox 782 1990 897 2049; x_wconf 78' lang='lat' dir='ltr'><strong>autem</strong></span> <span class='ocrx_word' id='word_1_136' title='bbox 906 1993 1070 2074; x_wconf 81' lang='lat' dir='ltr'><strong>peccata,</strong></span> <span class='ocrx_word' id='word_1_137' title='bbox 1088 2002 1163 2076; x_wconf 81' lang='lat' dir='ltr'><strong>quoe</strong></span> <span class='ocrx_word' id='word_1_138' title='bbox 1183 1976 1365 2074; x_wconf 55' lang='lat' dir='ltr'><strong>diligenter</strong></span> 
     </span>
     <span class='ocr_line' id='line_1_20' title="bbox 283 2071 1362 2172; baseline 0 -27"><span class='ocrx_word' id='word_1_139' title='bbox 283 2072 450 2172; x_wconf 74' lang='lat' dir='ltr'><strong>cogitanti</strong></span> <span class='ocrx_word' id='word_1_140' title='bbox 456 2098 526 2145; x_wconf 90' lang='lat' dir='ltr'><strong>non</strong></span> <span class='ocrx_word' id='word_1_141' title='bbox 541 2089 730 2158; x_wconf 75' lang='lat' dir='ltr'><strong>occurrunt,</strong></span> <span class='ocrx_word' id='word_1_142' title='bbox 740 2071 776 2143; x_wconf 88' lang='lat' dir='ltr'><strong>in</strong></span> <span class='ocrx_word' id='word_1_143' title='bbox 790 2072 982 2167; x_wconf 73' lang='lat' dir='ltr'><strong>universum</strong></span> <span class='ocrx_word' id='word_1_144' title='bbox 995 2074 1117 2147; x_wconf 69' lang='lat' dir='ltr'><strong>eidem</strong></span> <span class='ocrx_word' id='word_1_145' title='bbox 1128 2072 1362 2165; x_wconf 65' lang='lat' dir='ltr'><strong>Confessione</strong></span> 
     </span>
     <span class='ocr_line' id='line_1_21' title="bbox 283 2168 1365 2271; baseline 0.002 -28"><span class='ocrx_word' id='word_1_146' title='bbox 283 2169 418 2243; x_wconf 75' lang='lat' dir='ltr'><strong>inclusa</strong></span> <span class='ocrx_word' id='word_1_147' title='bbox 434 2168 676 2269; x_wconf 55' lang='lat' dir='ltr'><strong>intelligmntnr.</strong></span> <span class='ocrx_word' id='word_1_148' title='bbox 695 2170 793 2268; x_wconf 81' lang='lat' dir='ltr'><strong>Ergb</strong></span> <span class='ocrx_word' id='word_1_149' title='bbox 810 2169 906 2244; x_wconf 79' lang='lat' dir='ltr'><strong>siciit</strong></span> <span class='ocrx_word' id='word_1_150' title='bbox 923 2175 1104 2271; x_wconf 82' lang='lat' dir='ltr'><strong>poenitens</strong></span> <span class='ocrx_word' id='word_1_151' title='bbox 1122 2200 1197 2245; x_wconf 90' lang='lat' dir='ltr'><strong>non</strong></span> <span class='ocrx_word' id='word_1_152' title='bbox 1215 2186 1365 2245; x_wconf 75' lang='lat' dir='ltr'><strong>tenetur</strong></span> 
     </span>
     <span class='ocr_line' id='line_1_22' title="bbox 283 2268 1363 2360; baseline 0.003 -19"><span class='ocrx_word' id='word_1_153' title='bbox 283 2268 452 2341; x_wconf 85' lang='lat' dir='ltr'><strong>confiteri</strong></span> <span class='ocrx_word' id='word_1_154' title='bbox 476 2270 649 2355; x_wconf 81' lang='lat' dir='ltr'><strong>venialia,</strong></span> <span class='ocrx_word' id='word_1_155' title='bbox 673 2271 722 2342; x_wconf 77' lang='lat' dir='ltr'><strong>ita</strong></span> <span class='ocrx_word' id='word_1_156' title='bbox 748 2294 817 2344; x_wconf 80' lang='lat' dir='ltr'><strong>nec</strong></span> <span class='ocrx_word' id='word_1_157' title='bbox 865 2289 985 2355; x_wconf 78' lang='lat' dir='ltr'><strong>eccam</strong></span> <span class='ocrx_word' id='word_1_158' title='bbox 1007 2270 1243 2360; x_wconf 85' lang='lat' dir='ltr'><strong>dubia,cum</strong></span> <span class='ocrx_word' id='word_1_159' title='bbox 1262 2269 1363 2344; x_wconf 85' lang='lat' dir='ltr'><strong>dicat</strong></span> 
     </span>
     <span class='ocr_line' id='line_1_23' title="bbox 231 2299 1365 2469; baseline 0.01 -36"><span class='ocrx_word' id='word_1_160' title='bbox 231 2411 240 2433; x_wconf 82' lang='lat'><strong>.</strong></span> <span class='ocrx_word' id='word_1_161' title='bbox 282 2366 512 2456; x_wconf 78' lang='lat' dir='ltr'><strong>Concilium,</strong></span> <span class='ocrx_word' id='word_1_162' title='bbox 538 2369 776 2469; x_wconf 85' lang='lat' dir='ltr'><strong>poenitentem</strong></span> <span class='ocrx_word' id='word_1_163' title='bbox 800 2299 894 2440; x_wconf 78' lang='lat' dir='ltr'><strong>nibil</strong></span> <span class='ocrx_word' id='word_1_164' title='bbox 917 2369 1017 2442; x_wconf 86' lang='lat' dir='ltr'><strong>aliud</strong></span> <span class='ocrx_word' id='word_1_165' title='bbox 1036 2370 1201 2445; x_wconf 80' lang='lat' dir='ltr'><strong>confiteri</strong></span> <span class='ocrx_word' id='word_1_166' title='bbox 1227 2366 1365 2444; x_wconf 80' lang='lat' dir='ltr'><strong>debera</strong></span> 
     </span>
     <span class='ocr_line' id='line_1_24' title="bbox 285 2465 1362 2567; baseline 0 -27"><span class='ocrx_word' id='word_1_167' title='bbox 285 2466 356 2540; x_wconf 78' lang='lat' dir='ltr'><strong>&#39;nisi</strong></span> <span class='ocrx_word' id='word_1_168' title='bbox 372 2465 541 2540; x_wconf 77' lang='lat' dir='ltr'><strong>mortalia</strong></span> <span class='ocrx_word' id='word_1_169' title='bbox 552 2521 560 2550; x_wconf 82' lang='grc'>,</span> <span class='ocrx_word' id='word_1_170' title='bbox 573 2492 733 2567; x_wconf 82' lang='lat' dir='ltr'><strong>quorum</strong></span> <span class='ocrx_word' id='word_1_171' title='bbox 749 2468 916 2541; x_wconf 79' lang='lat' dir='ltr'><strong>meminit</strong></span> <span class='ocrx_word' id='word_1_172' title='bbox 932 2495 941 2545; x_wconf 73' lang='grc' dir='ltr'>ς</span> <span class='ocrx_word' id='word_1_173' title='bbox 960 2467 1127 2541; x_wconf 83' lang='lat' dir='ltr'><strong>dubitare</strong></span> <span class='ocrx_word' id='word_1_174' title='bbox 1136 2484 1263 2559; x_wconf 79' lang='lat' dir='ltr'><strong>autem</strong></span> <span class='ocrx_word' id='word_1_175' title='bbox 1284 2492 1362 2540; x_wconf 90' lang='lat' dir='ltr'><strong>nou</strong></span> 
     </span>
     <span class='ocr_line' id='line_1_25' title="bbox 284 2563 1362 2666; baseline 0 -29"><span class='ocrx_word' id='word_1_176' title='bbox 284 2581 339 2637; x_wconf 85' lang='lat' dir='ltr'><strong>est</strong></span> <span class='ocrx_word' id='word_1_177' title='bbox 352 2564 501 2664; x_wconf 85' lang='lat' dir='ltr'><strong>quidem</strong></span> <span class='ocrx_word' id='word_1_178' title='bbox 515 2568 722 2651; x_wconf 80' lang='lat' dir='ltr'><strong>meminisse</strong></span> <span class='ocrx_word' id='word_1_179' title='bbox 733 2621 743 2656; x_wconf 84' lang='lat'>,</span> <span class='ocrx_word' id='word_1_180' title='bbox 754 2563 829 2638; x_wconf 80' lang='lat' dir='ltr'><strong>imb</strong></span> <span class='ocrx_word' id='word_1_181' title='bbox 844 2564 965 2666; x_wconf 76' lang='lat' dir='ltr'><strong>potibs</strong></span> <span class='ocrx_word' id='word_1_182' title='bbox 980 2583 1122 2639; x_wconf 87' lang='lat' dir='ltr'><strong>estnon</strong></span> <span class='ocrx_word' id='word_1_183' title='bbox 1138 2567 1362 2639; x_wconf 79' lang='lat' dir='ltr'><strong>meminisse.</strong></span> 
     </span>
     <span class='ocr_line' id='line_1_26' title="bbox 283 2661 1363 2761; baseline 0.001 -25"><span class='ocrx_word' id='word_1_184' title='bbox 283 2661 387 2737; x_wconf 81' lang='lat' dir='ltr'><strong>Ratio</strong></span> <span class='ocrx_word' id='word_1_185' title='bbox 411 2690 443 2741; x_wconf 83' lang='lat' dir='ltr'><strong>a.</strong></span> <span class='ocrx_word' id='word_1_186' title='bbox 489 2667 547 2736; x_wconf 87' lang='lat' dir='ltr'><strong>nia</strong></span> <span class='ocrx_word' id='word_1_187' title='bbox 566 2674 639 2736; x_wconf 81' lang='lat' dir='ltr'><strong>uon</strong></span> <span class='ocrx_word' id='word_1_188' title='bbox 659 2677 713 2737; x_wconf 89' lang='lat' dir='ltr'><strong>est</strong></span> <span class='ocrx_word' id='word_1_189' title='bbox 731 2690 797 2761; x_wconf 84' lang='lat' dir='ltr'><strong>pro</strong></span> <span class='ocrx_word' id='word_1_190' title='bbox 814 2662 946 2737; x_wconf 86' lang='lat' dir='ltr'><strong>delicto</strong></span> <span class='ocrx_word' id='word_1_191' title='bbox 966 2663 1080 2737; x_wconf 88' lang='lat' dir='ltr'><strong>dnbio</strong></span> <span class='ocrx_word' id='word_1_192' title='bbox 1101 2690 1195 2738; x_wconf 91' lang='lat' dir='ltr'><strong>onus</strong></span> <span class='ocrx_word' id='word_1_193' title='bbox 1217 2680 1363 2737; x_wconf 85' lang='lat' dir='ltr'><strong>certum</strong></span> 
     </span>
     <span class='ocr_line' id='line_1_27' title="bbox 284 2691 1363 2861; baseline -0.001 -26"><span class='ocrx_word' id='word_1_194' title='bbox 284 2691 572 2861; x_wconf 63' lang='lat' dir='ltr'><strong>imponenium:</strong></span> <span class='ocrx_word' id='word_1_195' title='bbox 589 2788 657 2835; x_wconf 89' lang='lat' dir='ltr'><strong>nec</strong></span> <span class='ocrx_word' id='word_1_196' title='bbox 672 2763 710 2835; x_wconf 90' lang='lat' dir='ltr'><strong>in</strong></span> <span class='ocrx_word' id='word_1_197' title='bbox 726 2760 851 2853; x_wconf 81' lang='lat' dir='ltr'><strong>dnbio,</strong></span> <span class='ocrx_word' id='word_1_198' title='bbox 863 2788 908 2833; x_wconf 88' lang='lat' dir='ltr'><strong>an</strong></span> <span class='ocrx_word' id='word_1_199' title='bbox 927 2761 985 2835; x_wconf 79' lang='lat' dir='ltr'><strong>lex</strong></span> <span class='ocrx_word' id='word_1_200' title='bbox 1002 2765 1139 2853; x_wconf 79' lang='lat' dir='ltr'><strong>existat,</strong></span> <span class='ocrx_word' id='word_1_201' title='bbox 1156 2762 1257 2855; x_wconf 77' lang='lat' dir='ltr'><strong>adest</strong></span> <span class='ocrx_word' id='word_1_202' title='bbox 1269 2761 1363 2861; x_wconf 78' lang='lat' dir='ltr'><strong>legin</strong></span> 
     </span>
     <span class='ocr_line' id='line_1_28' title="bbox 285 2859 1363 2961; baseline 0 -28"><span class='ocrx_word' id='word_1_203' title='bbox 285 2859 457 2958; x_wconf 82' lang='lat' dir='ltr'><strong>obligatio</strong></span> <span class='ocrx_word' id='word_1_204' title='bbox 471 2863 532 2957; x_wconf 85' lang='lat' dir='ltr'><strong>(ut</strong></span> <span class='ocrx_word' id='word_1_205' title='bbox 545 2859 1158 2961; x_wconf 80' lang='lat' dir='ltr'><strong>sapienteraithned.XIV.Notis.</strong></span> <span class='ocrx_word' id='word_1_206' title='bbox 1168 2866 1261 2936; x_wconf 79' lang='lat' dir='ltr'><strong>tlon.</strong></span> <span class='ocrx_word' id='word_1_207' title='bbox 1277 2864 1363 2959; x_wconf 80' lang='lat'>19);</span> 
     </span>
     <span class='ocr_line' id='line_1_29' title="bbox 285 2955 1364 3072; baseline -0.001 -40"><span class='ocrx_word' id='word_1_208' title='bbox 285 2984 371 3032; x_wconf 87' lang='lat' dir='ltr'><strong>nam</strong></span> <span class='ocrx_word' id='word_1_209' title='bbox 388 2956 475 3031; x_wconf 89' lang='lat' dir='ltr'><strong>licet</strong></span> <span class='ocrx_word' id='word_1_210' title='bbox 487 2960 531 3030; x_wconf 84' lang='lat' dir='ltr'><strong>sit</strong></span> <span class='ocrx_word' id='word_1_211' title='bbox 549 2957 605 3031; x_wconf 82' lang='lat' dir='ltr'><strong>lex</strong></span> <span class='ocrx_word' id='word_1_212' title='bbox 619 2957 819 3033; x_wconf 88' lang='lat' dir='ltr'><strong>confitendi</strong></span> <span class='ocrx_word' id='word_1_213' title='bbox 833 2974 929 3032; x_wconf 81' lang='lat' dir='ltr'><strong>certa</strong></span> <span class='ocrx_word' id='word_1_214' title='bbox 941 2959 1130 3047; x_wconf 78' lang='lat' dir='ltr'><strong>mortalia,</strong></span> <span class='ocrx_word' id='word_1_215' title='bbox 1147 2975 1179 3033; x_wconf 85' lang='lat' dir='ltr'><strong>et</strong></span> <span class='ocrx_word' id='word_1_216' title='bbox 1198 2955 1283 3030; x_wconf 75' lang='lat' dir='ltr'><strong>ideo</strong></span> <span class='ocrx_word' id='word_1_217' title='bbox 1295 2955 1364 3072; x_wconf 81' lang='lat' dir='ltr'><strong>qui</strong></span> 
     </span>
     <span class='ocr_line' id='line_1_30' title="bbox 285 3054 1363 3152; baseline 0 -22"><span class='ocrx_word' id='word_1_218' title='bbox 285 3071 406 3130; x_wconf 83' lang='lat' dir='ltr'><strong>certus</strong></span> <span class='ocrx_word' id='word_1_219' title='bbox 429 3070 483 3130; x_wconf 87' lang='lat' dir='ltr'><strong>est</strong></span> <span class='ocrx_word' id='word_1_220' title='bbox 506 3055 551 3129; x_wconf 88' lang='lat' dir='ltr'><strong>de</strong></span> <span class='ocrx_word' id='word_1_221' title='bbox 574 3056 721 3130; x_wconf 78' lang='lat' dir='ltr'><strong>mortali</strong></span> <span class='ocrx_word' id='word_1_222' title='bbox 739 3058 950 3143; x_wconf 82' lang='lat' dir='ltr'><strong>commisso,</strong></span> <span class='ocrx_word' id='word_1_223' title='bbox 969 3072 1003 3131; x_wconf 92' lang='lat' dir='ltr'><strong>et</strong></span> <span class='ocrx_word' id='word_1_224' title='bbox 1031 3057 1176 3131; x_wconf 90' lang='lat' dir='ltr'><strong>dubitat</strong></span> <span class='ocrx_word' id='word_1_225' title='bbox 1197 3054 1363 3152; x_wconf 68' lang='lat' dir='ltr'><strong>negativi</strong></span> 
     </span>
     <span class='ocr_line' id='line_1_31' title="bbox 285 3152 1365 3255; baseline -0.001 -28"><span class='ocrx_word' id='word_1_226' title='bbox 285 3156 394 3252; x_wconf 83' lang='lat' dir='ltr'><strong>(nam</strong></span> <span class='ocrx_word' id='word_1_227' title='bbox 412 3155 440 3226; x_wconf 88' lang='lat' dir='ltr'><strong>si</strong></span> <span class='ocrx_word' id='word_1_228' title='bbox 457 3152 602 3228; x_wconf 84' lang='lat' dir='ltr'><strong>dubitet</strong></span> <span class='ocrx_word' id='word_1_229' title='bbox 615 3154 787 3255; x_wconf 64' lang='lat' dir='ltr'><strong>positivi,</strong></span> <span class='ocrx_word' id='word_1_230' title='bbox 802 3182 888 3230; x_wconf 87' lang='lat' dir='ltr'><strong>mox</strong></span> <span class='ocrx_word' id='word_1_231' title='bbox 908 3155 997 3229; x_wconf 73' lang='lat' dir='ltr'><strong>iniri</strong></span> <span class='ocrx_word' id='word_1_232' title='bbox 1017 3155 1204 3249; x_wconf 87' lang='lat' dir='ltr'><strong>dicemus)</strong></span> <span class='ocrx_word' id='word_1_233' title='bbox 1217 3167 1365 3227; x_wconf 85' lang='lat' dir='ltr'><strong>tenetur</strong></span> 
     </span>
     <span class='ocr_line' id='line_1_32' title="bbox 285 3252 1364 3337; baseline -0.001 -11"><span class='ocrx_word' id='word_1_234' title='bbox 285 3254 471 3337; x_wconf 81' lang='lat' dir='ltr'><strong>confiteri,</strong></span> <span class='ocrx_word' id='word_1_235' title='bbox 493 3255 707 3328; x_wconf 85' lang='lat' dir='ltr'><strong>nontamen</strong></span> <span class='ocrx_word' id='word_1_236' title='bbox 726 3254 845 3328; x_wconf 82' lang='lat' dir='ltr'><strong>existit</strong></span> <span class='ocrx_word' id='word_1_237' title='bbox 858 3269 954 3328; x_wconf 82' lang='lat' dir='ltr'><strong>certa</strong></span> <span class='ocrx_word' id='word_1_238' title='bbox 973 3253 1030 3327; x_wconf 81' lang='lat' dir='ltr'><strong>lex</strong></span> <span class='ocrx_word' id='word_1_239' title='bbox 1046 3252 1245 3328; x_wconf 80' lang='lat' dir='ltr'><strong>confitendi</strong></span> <span class='ocrx_word' id='word_1_240' title='bbox 1263 3277 1364 3325; x_wconf 86' lang='lat' dir='ltr'><strong>mor·</strong></span> 
     </span>
     <span class='ocr_line' id='line_1_33' title="bbox 282 3348 1364 3466; baseline -0.002 -41"><span class='ocrx_word' id='word_1_241' title='bbox 282 3350 369 3466; x_wconf 72' lang='lat' dir='ltr'><strong>talia</strong></span> <span class='ocrx_word' id='word_1_242' title='bbox 394 3350 519 3429; x_wconf 83' lang='lat' dir='ltr'><strong>dubia.</strong></span> <span class='ocrx_word' id='word_1_243' title='bbox 536 3354 587 3428; x_wconf 87' lang='lat' dir='ltr'><strong>Et</strong></span> <span class='ocrx_word' id='word_1_244' title='bbox 603 3353 656 3428; x_wconf 86' lang='lat' dir='ltr'><strong>sic</strong></span> <span class='ocrx_word' id='word_1_245' title='bbox 675 3353 917 3454; x_wconf 85' lang='lat' dir='ltr'><strong>respondetur</strong></span> <span class='ocrx_word' id='word_1_246' title='bbox 939 3348 1110 3429; x_wconf 85' lang='lat' dir='ltr'><strong>sccubdae</strong></span> <span class='ocrx_word' id='word_1_247' title='bbox 1135 3353 1266 3427; x_wconf 84' lang='lat' dir='ltr'><strong>cationi</strong></span> <span class='ocrx_word' id='word_1_248' title='bbox 1288 3358 1364 3451; x_wconf 75' lang='lat' dir='ltr'><strong>op&#39;·</strong></span> 
     </span>
     <span class='ocr_line' id='line_1_34' title="bbox 311 3464 424 3525; baseline 0.035 -4"><span class='ocrx_word' id='word_1_249' title='bbox 311 3464 424 3525; x_wconf 79' lang='lat' dir='ltr'><strong>ositae.</strong></span> 
     </span>
     <span class='ocr_line' id='line_1_35' title="bbox 283 3477 1364 3642; baseline -0.005 -19"><span class='ocrx_word' id='word_1_250' title='bbox 283 3477 309 3552; x_wconf 78' lang='lat' dir='ltr'>P</span> <span class='ocrx_word' id='word_1_251' title='bbox 331 3549 408 3623; x_wconf 82' lang='lat' dir='ltr'><strong>Nec</strong></span> <span class='ocrx_word' id='word_1_252' title='bbox 433 3547 552 3625; x_wconf 84' lang='lat' dir='ltr'><strong>obstat</strong></span> <span class='ocrx_word' id='word_1_253' title='bbox 577 3552 770 3642; x_wconf 75' lang='lat' dir='ltr'><strong>auctoritas</strong></span> <span class='ocrx_word' id='word_1_254' title='bbox 789 3548 832 3622; x_wconf 89' lang='lat' dir='ltr'><strong>D.</strong></span> <span class='ocrx_word' id='word_1_255' title='bbox 856 3550 1012 3624; x_wconf 82' lang='lat' dir='ltr'><strong>Thomae</strong></span> <span class='ocrx_word' id='word_1_256' title='bbox 1038 3549 1145 3622; x_wconf 84' lang='lat' dir='ltr'><strong>allata</strong></span> <span class='ocrx_word' id='word_1_257' title='bbox 1162 3573 1171 3637; x_wconf 79' lang='grc' dir='ltr'>ς</span> <span class='ocrx_word' id='word_1_258' title='bbox 1190 3546 1241 3622; x_wconf 88' lang='lat' dir='ltr'><strong>ibi</strong></span> <span class='ocrx_word' id='word_1_259' title='bbox 1258 3548 1364 3621; x_wconf 86' lang='lat' dir='ltr'><strong>enim</strong></span> 
     </span>
     <span class='ocr_line' id='line_1_36' title="bbox 282 3644 1365 3749; baseline -0.005 -27"><span class='ocrx_word' id='word_1_260' title='bbox 282 3649 317 3722; x_wconf 84' lang='lat' dir='ltr'><strong>S.</strong></span> <span class='ocrx_word' id='word_1_261' title='bbox 334 3648 472 3724; x_wconf 86' lang='lat' dir='ltr'><strong>Doctor</strong></span> <span class='ocrx_word' id='word_1_262' title='bbox 485 3654 607 3722; x_wconf 70' lang='lat' dir='ltr'><strong>reveri</strong></span> <span class='ocrx_word' id='word_1_263' title='bbox 623 3676 698 3721; x_wconf 89' lang='lat' dir='ltr'><strong>non</strong></span> <span class='ocrx_word' id='word_1_264' title='bbox 710 3647 874 3746; x_wconf 85' lang='lat' dir='ltr'><strong>loquitur</strong></span> <span class='ocrx_word' id='word_1_265' title='bbox 890 3648 935 3729; x_wconf 91' lang='lat' dir='ltr'><strong>de</strong></span> <span class='ocrx_word' id='word_1_266' title='bbox 955 3651 1090 3749; x_wconf 86' lang='lat' dir='ltr'><strong>eo,qui</strong></span> <span class='ocrx_word' id='word_1_267' title='bbox 1108 3663 1189 3744; x_wconf 88' lang='lat' dir='ltr'><strong>post</strong></span> <span class='ocrx_word' id='word_1_268' title='bbox 1204 3644 1365 3744; x_wconf 82' lang='lat' dir='ltr'><strong>diligen·</strong></span> 
     </span>
     <span class='ocr_line' id='line_1_37' title="bbox 283 3746 1366 3847; baseline -0.005 -27"><span class='ocrx_word' id='word_1_269' title='bbox 283 3748 373 3820; x_wconf 81' lang='lat' dir='ltr'><strong>iiam</strong></span> <span class='ocrx_word' id='word_1_270' title='bbox 397 3746 566 3822; x_wconf 70' lang='lat' dir='ltr'><strong>efformet</strong></span> <span class='ocrx_word' id='word_1_271' title='bbox 583 3747 653 3819; x_wconf 88' lang='lat' dir='ltr'><strong>sibi</strong></span> <span class='ocrx_word' id='word_1_272' title='bbox 678 3746 884 3847; x_wconf 76' lang='lat' dir='ltr'><strong>judicium,</strong></span> <span class='ocrx_word' id='word_1_273' title='bbox 905 3748 1005 3844; x_wconf 89' lang='lat' dir='ltr'><strong>qnod</strong></span> <span class='ocrx_word' id='word_1_274' title='bbox 1028 3762 1221 3847; x_wconf 82' lang='lat' dir='ltr'><strong>peccatum</strong></span> <span class='ocrx_word' id='word_1_275' title='bbox 1249 3768 1366 3817; x_wconf 83' lang='lat' dir='ltr'><strong>suum</strong></span> 
     </span>
     <span class='ocr_line' id='line_1_38' title="bbox 282 3839 1364 3944; baseline -0.006 -24"><span class='ocrx_word' id='word_1_276' title='bbox 282 3848 330 3920; x_wconf 83' lang='lat' dir='ltr'><strong>ait</strong></span> <span class='ocrx_word' id='word_1_277' title='bbox 346 3842 458 3920; x_wconf 75' lang='lat' dir='ltr'><strong>dubit</strong></span> <span class='ocrx_word' id='word_1_278' title='bbox 474 3844 647 3933; x_wconf 79' lang='lat' dir='ltr'><strong>mortale,</strong></span> <span class='ocrx_word' id='word_1_279' title='bbox 663 3858 700 3917; x_wconf 88' lang='lat' dir='ltr'><strong>et</strong></span> <span class='ocrx_word' id='word_1_280' title='bbox 718 3843 800 3917; x_wconf 84' lang='lat' dir='ltr'><strong>idcb</strong></span> <span class='ocrx_word' id='word_1_281' title='bbox 818 3840 973 3918; x_wconf 89' lang='lat' dir='ltr'><strong>dubium</strong></span> <span class='ocrx_word' id='word_1_282' title='bbox 992 3844 1146 3944; x_wconf 87' lang='lat' dir='ltr'><strong>deponit</strong></span> <span class='ocrx_word' id='word_1_283' title='bbox 1166 3869 1209 3916; x_wconf 86' lang='lat' dir='ltr'><strong>ex</strong></span> <span class='ocrx_word' id='word_1_284' title='bbox 1233 3839 1364 3941; x_wconf 74' lang='lat' dir='ltr'><strong>regula</strong></span> 
     </span>
     <span class='ocr_line' id='line_1_39' title="bbox 283 3936 1363 4044; baseline -0.003 -27"><span class='ocrx_word' id='word_1_285' title='bbox 283 3944 458 4044; x_wconf 76' lang='lat' dir='ltr'><strong>praelata,</strong></span> <span class='ocrx_word' id='word_1_286' title='bbox 476 3969 559 4018; x_wconf 81' lang='lat' dir='ltr'><strong>nem</strong></span> <span class='ocrx_word' id='word_1_287' title='bbox 590 3943 609 4017; x_wconf 78' lang='grc' dir='ltr'>ὲ</span> <span class='ocrx_word' id='word_1_288' title='bbox 626 3943 728 4044; x_wconf 87' lang='lat' dir='ltr'><strong>quod</strong></span> <span class='ocrx_word' id='word_1_289' title='bbox 744 3971 818 4016; x_wconf 88' lang='lat' dir='ltr'><strong>non</strong></span> <span class='ocrx_word' id='word_1_290' title='bbox 839 3943 949 4017; x_wconf 80' lang='lat' dir='ltr'><strong>detur</strong></span> <span class='ocrx_word' id='word_1_291' title='bbox 967 3958 1064 4016; x_wconf 85' lang='lat' dir='ltr'><strong>certa</strong></span> <span class='ocrx_word' id='word_1_292' title='bbox 1078 3941 1250 4040; x_wconf 83' lang='lat' dir='ltr'><strong>obligatio</strong></span> <span class='ocrx_word' id='word_1_293' title='bbox 1266 3997 1277 4030; x_wconf 82' lang='lat'>‚</span> <span class='ocrx_word' id='word_1_294' title='bbox 1294 3936 1363 4014; x_wconf 88' lang='lat' dir='ltr'><strong>ubi</strong></span> 
     </span>
     <span class='ocr_line' id='line_1_40' title="bbox 280 4040 1366 4146; baseline -0.005 -26"><span class='ocrx_word' id='word_1_295' title='bbox 280 4040 460 4121; x_wconf 76' lang='lat' dir='ltr'><strong>delictum</strong></span> <span class='ocrx_word' id='word_1_296' title='bbox 475 4060 530 4118; x_wconf 84' lang='lat' dir='ltr'><strong>est</strong></span> <span class='ocrx_word' id='word_1_297' title='bbox 576 4041 725 4143; x_wconf 72' lang='lat' dir='ltr'><strong>ubium5</strong></span> <span class='ocrx_word' id='word_1_298' title='bbox 742 4040 808 4118; x_wconf 82' lang='lat' dir='ltr'><strong>sed</strong></span> <span class='ocrx_word' id='word_1_299' title='bbox 822 4043 988 4146; x_wconf 85' lang='lat' dir='ltr'><strong>loquitur</strong></span> <span class='ocrx_word' id='word_1_300' title='bbox 1006 4042 1053 4119; x_wconf 86' lang='lat' dir='ltr'><strong>de</strong></span> <span class='ocrx_word' id='word_1_301' title='bbox 1075 4065 1138 4136; x_wconf 85' lang='lat' dir='ltr'><strong>eo,</strong></span> <span class='ocrx_word' id='word_1_302' title='bbox 1155 4042 1220 4142; x_wconf 89' lang='lat' dir='ltr'><strong>qui</strong></span> <span class='ocrx_word' id='word_1_303' title='bbox 1237 4051 1366 4116; x_wconf 79' lang='lat' dir='ltr'><strong>certat</strong></span> 
     </span>
    </p>
   </div>
   <div class='ocr_carea' id='block_1_5' title="bbox 0 0 1449 4684">
    <p class='ocr_par' dir='ltr' id='par_1_5' title="bbox 0 0 1449 4684">
     <span class='ocr_line' id='line_1_41' title="bbox 0 0 1449 4684; baseline 0 0"><span class='ocrx_word' id='word_1_304' title='bbox 0 0 1449 4684; x_wconf 95' lang='lat' dir='ltr'><strong> </strong></span> 
     </span>
    </p>
   </div>
  </div>
 </body>
</html>
