2884 4684
300 221 382 315 Cap.
398 212 1187 314 111.'uut.1v.1tettuct1ur.,uteoSacrificium.
1235 248 1292 292 rut
1355 207 1362 220 .

216 328 319 406 ribus
338 364 345 404 :
364 336 455 410 dicit
471 338 570 411 enim
584 338 726 437 Iilsung
744 367 802 439 op.
819 339 928 412 Croix
952 335 977 409 Ι.
999 337 1021 411 3
1044 363 1080 459 p.
1111 365 1119 410 1
1147 366 1186 410 n.
1210 338 1296 413 626.

134 493 137 500 .
219 431 503 524 prohihitionem
528 436 735 510 Tridentini
761 433 941 535 respicere
969 439 1110 511 tantum
1133 433 1300 509 Omtoric

216 529 354 618 privata
374 533 574 623 inicorum,
598 533 655 608 vei
681 536 912 610 Ciericorom
936 534 1182 608 saecuio'rium.
1202 535 1309 608 Hinc·

216 621 411 724 Fagnonns
429 634 466 705 in
491 658 524 707 e.
538 633 581 708 lo
601 632 657 707 his
673 634 719 709 de
734 635 833 708 Prir.
854 660 894 707 n.
914 633 973 706 23.
990 634 1123 722 refert,
1142 634 1178 705 S.
1197 636 1297 705 Con·
1349 703 1354 712 ,

215 731 462 823 gregationem
487 731 625 831 pluries
646 731 851 808 deciurdsse
864 783 871 814 .
884 730 1114 830 ⁴Huiusmodi
1133 727 1326 814 oratorias

216 827 436 916 Carcerom,
455 829 827 916 confraternitatum,
852 829 1099 929 Hospitaiium
1114 885 1121 907 .
1138 845 1173 902 et
1186 827 1300 904 Com-

217 927 440 1004 munitetom
465 954 540 1004 non
564 929 831 1027 comprehendi
851 927 1099 1028 prohibitione
1115 926 1297 1014 Conciiii,

218 1021 302 1118 quia
317 1024 396 1098 haec
418 1043 505 1100 sont
526 1029 690 1100 Oratoria
709 1030 778 1104 fixe
795 1028 842 1101 od
857 1027 1023 1101 divinum
1037 1026 1180 1106 cultum
1196 1025 1301 1106 dedi·

217 1135 309 1195 cata.
324 1127 373 1195 Et
391 1130 581 1226 proptereir
599 1128 635 1199 in
651 1125 866 1226 hujusmodi
879 1125 1056 1200 Oratoriis
1072 1126 1301 1224 quicumque

216 1218 408 1296 audientes
423 1227 570 1298 Missam
589 1225 828 1316 satisfaciunt,
844 1229 912 1298 etd
927 1247 1166 1325 quocumque
1180 1222 1301 1317 socen

217 1316 302 1389 dote
329 1337 483 1418 possunt
511 1324 635 1422 utique
666 1323 785 1398 Misere
803 1322 999 1411 celebrari,
1024 1348 1066 1394 oc
1091 1321 1298 1413 omnidie,

217 1418 326 1490 etitm
351 1445 393 1491 ex
410 1419 711 1508 solemnioribus,
736 1449 779 1495 ex
798 1423 1050 1496 Denter-atione
1072 1421 1109 1493 S.
1127 1421 1168 1494 C.
1186 1421 1256 1506 Rjt.
1275 1445 1298 1508 2

215 1516 396 1613 septemb.
420 1520 522 1592 1661.
541 1520 661 1619 (opud
680 1522 808 1595 Merati
824 1523 861 1594 in
876 1520 957 1594 lud.
973 1547 1010 1592 n.
1029 1517 1135 1617 392).
1161 1517 1226 1590 ubi
1244 1517 1297 1591 sic

217 1611 358 1685 dictum
370 1617 462 1688 soit:
486 1618 610 1688 Misse
626 1618 842 1714 Socnficritm
856 1635 975 1714 potest
981 1617 1107 1715 peragi
1114 1618 1149 1686 in
1162 1616 1299 1712 publico

217 1710 376 1785 oratorio
389 1718 433 1785 de
444 1715 583 1787 licentio
604 1716 772 1811 Episcopi
777 1731 974 1789 constructo
987 1716 1025 1787 t'n
1041 1714 1160 1786 diebus
1172 1716 1299 1786 solem·

215 1807 367 1883 nlon'bus
383 1813 488 1898 anni,
504 1815 692 1885 dummodo
706 1813 836 1886 habeat
850 1815 970 1895 omntir
982 1811 1145 1911 requisita
1158 1813 1210 1883 od
1219 1814 1298 1885 Eo.-

215 1907 357 1978 clrstam
376 1912 432 1982 rel
444 1912 494 1981 od
503 1910 672 1988 poblicum
690 1906 887 1985 Oratorium
904 1911 1198 1986 considerandum.

266 2005 395 2127 Neque
411 2009 474 2082 ΙΙΙ.
492 2010 533 2081 in
551 2007 729 2084 Oratoriis
742 2010 871 2082 erectio
885 2011 922 2083 in
935 2010 1081 2084 Polatiis
1097 2010 1299 2107 Episcopo-

217 2129 317 2192 rum,
335 2123 374 2179 ut
391 2108 518 2179 dicunt
535 2110 778 2182 communiter
794 2109 882 2182 Gar.
898 2137 931 2207 p.
954 2138 964 2182 r
982 2123 1008 2181 t.
1028 2133 1072 2179 :ro
1089 2106 1141 2178 tit.
1157 2132 1203 2178 m.
1226 2110 1300 2181 Me·

213 2204 284 2282 rati
299 2202 337 2276 iir
374 2232 410 2278 o.
430 2207 463 2277 3.
487 2208 640 2279 Renzius
662 2208 687 2279 Ι.
716 2233 730 2279 ι
758 2209 832 2280 cr3
852 2233 888 2304 q.
910 2207 951 2282 31
982 2220 1018 2280 et
1036 2207 1145 2277 Croix
1164 2207 1187 2277 Ι.
1206 2234 1238 2278 o.
1254 2205 1299 2277 In

215 2300 350 2374 tatibus
371 2306 469 2377 enim
494 2305 670 2379 Oratoriis
691 2329 817 2378 omnes
844 2321 997 2403 possunt
1026 2301 1232 2390 celebrere,
1263 2318 1301 2376 et

219 2418 403 2498 praecepto
431 2403 550 2477 Misere
567 2405 791 2493 satisfacere,
811 2401 853 2476 ut
870 2398 1070 2476 declaravit
1084 2403 1120 2475 S.
1139 2403 1180 2475 G.
1198 2401 1319 2476 Cou-·

215 2498 291 2569 ciiii
304 2498 363 2571 die
377 2526 419 2572 22
434 2504 612 2600 septemb.
633 2505 737 2595 1640,
754 2501 855 2599 opud
867 2503 975 2576 Dion.
994 2528 1030 2600 p.
1048 2501 1073 2575 6
1091 2515 1136 2572 tr.
1151 2501 1223 2574 8R.
1239 2505 1298 2593 do.

217 2597 253 2668 in
273 2599 358 2670 fine.
374 2601 497 2688 Ratio,
513 2599 599 2698 quia
614 2600 746 2674 domus
759 2599 935 2699 Episcopi
948 2624 1024 2675 non
1041 2611 1211 2670 censetor
1224 2599 1300 2697 pri·

217 2713 314 2779 rota,
339 2698 520 2796 cumipse
544 2699 700 2794 gaudeat
722 2699 952 2770 immunitate
977 2695 1300 2781 ecclesiasticd,.ex

218 2817 250 2865 c.
266 2793 326 2866 36.
344 2797 452 2870 Cous.
476 2820 517 2895 17
537 2821 573 2895 q.
592 2799 625 2889 4.
646 2794 887 2869 ubidicitur:
908 2795 958 2866 Id
969 2793 1210 2868 constituimus
1232 2794 1301 2865 ob—

217 2896 443 2984 servandum,
455 2897 559 2991 ,quod
574 2893 994 2968 Ecclesiastr'm'Cononcr
1007 2893 1249 2981 decreverunt,
1265 2909 1303 2964 et

215 2990 278 3060 lex
295 2992 462 3063 nomana
479 2991 674 3081 constituri,
692 3009 733 3065 ut
743 2991 788 3065 ab
801 2993 968 3066 Ecclesioe
984 2991 1106 3073 atriis,
1126 2988 1299 3061 rel-domo

216 3087 474 3183 Episcopireos
485 3087 689 3162 abstrahere
703 3089 845 3162 omnino
861 3116 932 3162 non
946 3090 1057 3163 licem.
1070 3084 1183 3162 Unde
1194 3088 1301 3174 dooet

217 3186 356 3260 Bened.
374 3187 474 3260 XIV.
493 3186 539 3261 de
558 3189 657 3262 Missi
679 3187 745 3260 tib.
769 3187 791 3259 3
811 3215 842 3260 c.
858 3190 895 3264 6.
920 3214 1005 3262 cum
1029 3188 1245 3270 Brancatio,
1264 3204 1302 3280 et

218 3284 349 3361 Cierio.
377 3285 591 3381 hujusmodi
617 3285 784 3360 Oratorie
802 3287 1071 3386 Episcoporum
1089 3342 1098 3358 .
1116 3300 1152 3358 ot
1168 3286 1300 3378 (lardi,-

217 3382 389 3471 ueiium,
418 3383 542 3484 qrrood
574 3385 859 3458 ceiebrotionem
886 3387 1108 3473 Missnrnm,
1142 3383 1301 3483 gaudere

206 3480 290 3554 sere
312 3483 444 3556 iisdem
464 3483 678 3582 privilegiis,
705 3481 841 3583 quibus
868 3482 1044 3557 Ecclesiae
1065 3496 1300 3574 consecratae.

216 3582 267 3652 Et
282 3580 381 3653 idem
399 3582 529 3655 dieunt
542 3582 633 3653 Viva
658 3608 694 3679 q.
716 3585 738 3656 5
756 3608 789 3653 a.
805 3584 829 3655 6
848 3609 884 3653 n.
902 3585 935 3655 5.
953 3578 1086 3653 Tamb.
1103 3606 1134 3650 e.
1150 3580 1175 3650 6
1186 3579 1207 3675 ξ
1227 3606 1300 3652 on.

121 3765 126 3779 Ι
224 3694 321 3762 umet
337 3681 450 3754 Diona
471 3680 600 3778 p.6tr.
618 3686 641 3753 8
657 3683 697 3754 R.
714 3685 773 3772 4ο.
793 3680 839 3753 de
857 3681 969 3753 domo
983 3681 1302 3775 rusticana,quarn

218 3776 369 3850 haberet
380 3779 584 3878 Episcopus
597 3783 694 3852 extri
708 3779 918 3872 Dioecesim,
931 3777 1142 3850 adtritosine
1158 3777 1303 3864 licentia

217 3874 423 3964 Ordinorii,
443 3892 480 3949 et
499 3875 623 3950 adhuc
651 3875 800 3950 absente
822 3878 901 3974 ipso
921 3876 1126 3974 Episcopo,
1150 3871 1192 3946 tn
1212 3872 1302 3946 dixit

66 4051 70 4060 ,
190 3973 336 4062 'Viro3
361 3973 473 4047 modo
501 3976 584 4047 telis
611 3974 743 4048 domus
764 3976 868 4048 atteri
888 4002 963 4047 non
994 3976 1159 4060 loretum
1188 3972 1302 4071 idque

202 4072 361 4154 -tidetur
375 4067 518 4160 admitti
533 4072 718 4166 abeodem
733 4074 1074 4186 declarationem
1085 4070 1300 4174 apndltiuu.
