2884 4684
223 340 286 406 446
328 336 400 405 Lib.
418 336 476 406 Vt.
496 313 602 404 Tract.
617 336 675 434 ly.
696 340 746 405 Do
763 330 964 409 Sacranrento
981 326 1202 412 renitente*
1225 354 1243 439 ⁵.

224 478 307 523 cum
328 452 526 533 communi,
543 454 666 549 Laym.
688 478 765 551 cap.
787 479 860 551 9¹¹·
879 455 916 527 6.
937 479 1023 526 cum
1038 457 1094 537 Sa,
1112 460 1145 528 S.
1158 460 1289 529 Antoni

222 550 370 646 sylvest.
387 550 481 621 Med.
497 548 609 649 Vasq.
628 553 712 622 item
728 553 819 624 Bon.
837 551 920 623 val.
935 555 1089 643 Aversa,
1108 557 1214 625 etalii
1231 580 1286 653 ap.

221 650 334 722 Crcis
350 649 385 720 d.
408 676 446 719 n.
472 646 575 720 ratiis
591 646 703 738 dicit,
719 650 841 745 quod,
859 651 1119 750 undecumque
1136 653 1290 725 delectos

218 749 383 817 evenerit
401 804 408 832 ,
433 744 504 819 εἰνὶ
520 772 563 817 er
577 762 677 841 parte
693 749 911 820 Conlessarii
927 805 936 832 ‚
954 752 1038 848 quie
1052 750 1171 823 defuit
1185 752 1290 849 iuris-

172 892 175 901 *
223 848 352 932 dictio,
367 844 440 916 sive
456 870 497 916 ex
513 859 615 943 parte
635 849 844 942 prenitentis
857 905 866 937 ‚
877 849 962 945 quia
979 847 1093 919 deluit
1106 848 1289 948 dispositio

222 959 285 1012 eut
302 945 509 1039 integritas,
532 969 602 1012 nnn
627 949 672 1014 sit
690 970 783 1041 opus
805 962 969 1043 repetere
992 946 1290 1035 Conl'essiouem‚

156 1132 159 1138 4
222 1040 286 1111 sed
299 1042 461 1112 solliciat.
471 1044 498 1112 si
511 1038 756 1113 (Ioniessarins
769 1044 982 1116 recordetur
992 1044 1103 1117 statius
1115 1046 1290 1146 poeniten·

222 1142 288 1225 tis,
311 1139 365 1209 vel
384 1155 542 1211 resumat
559 1144 695 1210 notiaru
715 1140 793 1235 ejus
815 1144 850 1211 in
869 1143 1043 1231 consum,
1060 1158 1096 1215 et
1113 1144 1287 1242 poenitent
1321 1174 1324 1179 ‘

219 1238 259 1309 in
287 1239 528 1309 communire
551 1256 694 1309 accuset
718 1238 763 1308 de
779 1240 951 1311 omnibus
974 1240 1076 1338 pribs
1095 1240 1290 1331 confessis,

219 1338 344 1421 Ratio,
365 1338 470 1436 quia,
491 1336 576 1407 licet
602 1342 718 1433 prima
739 1338 925 1410 Confessio
948 1366 1022 1410 non
1049 1340 1154 1411 luerit
1178 1365 1291 1411 sacra·

220 1435 531 1531 mentalisutpote
547 1436 733 1533 sacrilega,
755 1438 807 1507 rel
824 1439 916 1509 licta
935 1464 1008 1507 non
1029 1437 1155 1531 judici,
1175 1452 1291 1509 tamen

219 1535 411 1606 retilicatio
428 1533 546 1621 iltius,
566 1534 655 1603 durn
670 1535 855 1632 penitens
872 1534 1006 1608 deinde
1026 1538 1062 1607 in
1083 1535 1240 1634 generali
1255 1560 1291 1607 se

220 1627 366 1704 accusat
390 1632 436 1703 de
461 1628 579 1729 culpis
603 1632 806 1719 confessis,
831 1640 1028 1729 coniuncta
1054 1661 1141 1705 cum
1173 1635 1290 1704 notitia

220 1730 478 1802 antecedenter
509 1730 628 1808 habita
654 1736 672 1801 a
695 1733 949 1817 Confessus-io,
975 1731 1160 1804 sufficiens
1188 1758 1292 1827 renu-

221 1844 327 1900 tatnr.
366 1831 477 1912 Item,
497 1830 580 1927 quia
614 1833 679 1899 (ut
712 1827 950 1926 probabiliter
984 1844 1108 1901 censet
1134 1831 1239 1902 Croix
1267 1825 1292 1904 l.

211 1926 277 2016 c.)
298 1926 377 1998 talis
398 1926 584 1999 Confessio
601 1986 607 2002 .
627 1952 712 1997 cum
730 1929 820 1995 lacta
840 1928 1000 2019 fueritin
1021 1927 1155 1999 ordine
1171 1927 1215 1998 ad
1234 1925 1293 1997 ab

211 2028 438 2105 ‚solutionem
465 2020 712 2123 recipiendam
737 2082 745 2106 ,
775 2024 998 2101 sullicienter
1026 2027 1165 2097 dicitur
1189 2025 1290 2105 etilm

218 2116 512 2210 sacramentalis,
536 2122 714 2221 quatenos
742 2125 818 2220 ipsa
842 2125 949 2195 etism
976 2123 1023 2196 ad
1048 2125 1212 2223 sigillum
1235 2149 1292 2197 sa·

219 2222 441 2301 cralnentale
458 2220 659 2317 obstringit.

267 2319 349 2393 Nou
368 2334 488 2392 autern
511 2324 630 2418 piacet
649 2324 826 2391 sententia
841 2320 1002 2416 Lugonis
1017 2348 1053 2394 n.
1073 2321 1166 2412 638,
1187 2342 1292 2421 quam

195 2464 199 2469 ·
219 2421 386 2520 sequitur
411 2424 543 2491 Aversa
577 2418 676 2515 apud
691 2421 800 2489 Croix
815 2438 864 2487 ·n.
891 2442 994 2514 ¹2¹7·
1019 2420 1161 2516 n'empd'
1178 2419 1292 2531 quod,

219 2520 249 2589 si
278 2518 460 2617 poenitena
488 2545 528 2589 cx
559 2540 655 2587 mera
681 2517 887 2588 narratione
912 2516 1042 2588 dixerit
1057 2516 1293 2593 ’cantaneto

218 2632 473 2716 peccaterum,
497 2629 532 2686 et
562 2621 682 2711 posted
707 2615 751 2683 de
776 2613 848 2684 illis
872 2614 1121 2687 in·communi
1138 2641 1292 2695 soacen-

220 2730 285 2804 set,
299 2730 388 2787 tunc
417 2715 552 2813 pariter
575 2713 738 2795 sufficiat,
752 2712 849 2810 qnod
866 2712 1118 2786 Confessarius
1137 2714 1185 2787 de
1205 2712 1291 2814 ipsit

220 2815 256 2884 in
283 2814 435 2886 confuso
478 2811 701 2884 recordetur.
732 2811 801 2881 Sed
837 2810 1188 2885 veriirs‘dicendom
1211 2836 1293 2883 cum

218 2910 325 2983 Croix
342 2911 413 2983 loc.
435 2910 496 2985 cit.
514 2926 603 2981 tunc
622 2911 773 2980 omnind
797 2908 1031 3006 repetendam
1048 2934 1126 2982 esse
1147 2908 1294 2983 conse·

220 3012 371 3082 sionem.
391 3008 515 3093 Ratio,
538 3010 621 3107 quia
646 3008 747 3078 nulla
776 3006 965 3080 Confessio
992 3008 1215 3081 tuno‘adluit
1236 3032 1294 3080 sa·

220 3110 471 3191 elementalis,
493 3130 563 3178 neo
581 3109 720 3206 prirna3
746 3129 814 3176 uec
840 3104 1000 3177 secunda
1022 3135 1031 3174 :
1051 3133 1126 3178 nou
1155 3107 1293 3204 prima.

221 3209 305 3305 quia
336 3216 482 3305 peccatu
506 3229 580 3275 non
610 3206 757 3276 fuerunt
777 3204 1002 3278 manifestata
1027 3207 1063 3275 in
1093 3204 1222 3277 drdiue
1248 3201 1294 3276 ad

218 3304 487 3377 absolutionem
503 3362 511 3389 ,
530 3304 576 3372 itl
596 3318 637 3372 ut
655 3303 699 3374 de
718 3302 791 3372 illis
808 3301 1058 3374 Confessarius
1074 3328 1148 3375 non
1165 3317 1296 3376 tenere·

219 3415 281 3475 tur
311 3402 357 3475 ad
385 3402 546 3501 sigillum
578 3400 872 3473 sacramentale:
905 3426 978 3471 non
1009 3399 1191 3486 secunda,
1213 3400 1295 3497 quia

220 3518 469 3617 peccatanou
502 3513 589 3573 sunt
612 3500 798 3594 sigillatim
822 3497 1010 3586 consessa,
1037 3513 1078 3572 ut
1101 3499 1297 3598 requiritur

103 3642 110 3653 ·
221 3626 258 3672 ru
276 3598 508 3680 Tridentino,
531 3598 593 3670 ubi
619 3597 777 3675 dicitur.
800 3596 902 3694 quod
922 3598 959 3667 in
979 3597 1215 3669 Confessione
1240 3620 1296 3666 sr-

221 3700 431 3771 cramentali
441 3697 597 3769 debeant
609 3695 780 3795 explicari
792 3696 914 3765 omnia
929 3708 964 3765 et
977 3696 1118 3793 singula
1135 3706 1296 3794 peccata.

268 3799 466 3870 Dubitatur
487 3823 519 3868 2.
537 3794 636 3890 Quid
651 3852 659 3882 ,
674 3799 702 3865 si
722 3792 970 3868 Confessarius
989 3818 1034 3864 ue
1048 3790 1294 3891 confusequl·

221 3893 305 3965 deur
333 3894 544 3969 recordetur
557 3893 669 3965 statiis
688 3892 918 3991 poeruitcntis,
935 3888 998 3963 sed
1015 3890 1155 3963 tantirm
1201 3890 1294 3964 oeni·

221 3991 550 4091 teutiaeinjuuetae?
565 3992 819 4063 lloc'sussicere
833 3990 880 4063 ad
893 3988 1155 4063 absolvendum
1170 3918 1296 4059 dicunt

219 4091 307 4163 Nar.
333 4148 342 4163 ,
369 4116 446 4187 9nt
471 4116 511 4190 ¹9
531 4106 567 4161 et
584 4091 756 4163 Busernb.
778 4108 821 4161 ut
842 4092 951 4186 suprl
970 4112 1055 4159 curn
1084 4089 1193 4185 Vasq.
1212 4082 1295 4158 le.

218 4192 341 4289 Lsym.
385 4217 426 4279 a,
443 4205 509 4266 etc.
528 4190 577 4261 Et
592 4191 683 4264 ratio
700 4190 843 4267 ridetur
856 4212 956 4274 esse,
979 4191 1062 4286 quia
1080 4209 1122 4273 aa
1139 4186 1216 4281 ipsa
1234 4206 1291 4253 uo·
