2884 4684
219 268 301 360 Cap.
322 267 350 335 l.
368 264 457 336 Dnb.
474 266 517 334 ll.
536 267 588 336 ne
608 234 743 336 οιῖιιιιιίι
756 266 855 357 bnjns
876 214 1086 337 sacrmenti.
1130 258 1200 355 375

117 376 275 453 tollendi
312 382 547 453 occasionem
590 378 836 454 voluntariam
866 392 921 449 est
957 379 1198 478 negativum,

119 478 157 550 id
178 493 323 551 estnon
344 476 584 579 permanendi
600 481 637 550 in
651 477 848 552 occasione
865 473 999 575 (proiit
1024 488 1078 548 est
1100 498 1197 573 prrs-

120 602 140 648 c
165 592 268 674 ptum
285 603 362 649 non
383 575 564 649 retinendi
582 574 793 670 alienum),
810 573 932 647 ethos
948 571 1083 668 obligat
1099 599 1196 647 scm·

117 700 144 775 p
168 688 232 747 ret
245 674 293 747 ad
307 699 473 772 semper,
493 672 593 747 unde
610 674 673 773 qni
691 687 812 773 potest
825 672 1055 746 occasionem
1071 672 1196 745 statim

119 800 137 845 r
161 797 321 860 morere,
343 782 379 845 et
398 797 472 844 non
493 787 672 856 removet,
700 786 754 844 est
776 772 814 842 in
836 769 970 843 actuali
992 785 1195 867 transgres-

117 873 219 943 sione
240 873 433 971 praecepti,
458 885 495 943 et
513 869 867 969 idebindispositos.
893 866 964 940 Sed
995 865 1076 939 baec
1104 867 1195 939 ratio

120 993 241 1068 neque
261 969 413 1041 omnini)
427 968 620 1054 satisfacit,
645 968 698 1041 rel
722 966 849 1042 saltem
877 964 1119 1064 intelligenda
1141 978 1197 1042 est

116 1066 156 1138 in
170 1067 248 1140 solo
260 1093 346 1139 casu
357 1123 367 1154 ,
379 1091 453 1167 qno
468 1068 647 1181 poenitens
663 1064 756 1139 nolit
769 1067 890 1139 statim
905 1078 988 1164 post
1001 1062 1199 1136 absolutio·

115 1190 201 1239 nem
216 1166 348 1237 tollere
368 1188 615 1255 occasionem,
634 1179 670 1237 et
689 1163 830 1236 tantiam
851 1163 1037 1258 promittat
1055 1161 1198 1233 anferre

120 1261 160 1333 in
174 1261 339 1334 laturiam
352 1287 362 1353 3
375 1277 412 1335 at
427 1263 457 1336 si
474 1264 653 1360 poenitens
671 1264 710 1334 in
731 1278 813 1335 actu
829 1259 1076 1335 Confessinnis
1094 1258 1198 1334 firmi

121 1374 342 1458 proponeret
366 1364 594 1449 occasionem
621 1386 806 1434 removere
833 1363 954 1432 statim
977 1384 1019 1431 ac
1043 1358 1197 1433 domum

120 1457 226 1547 redit,
243 1484 317 1531 noa
330 1458 449 1541 video,
466 1484 535 1534 cnr
553 1458 733 1532 dicendus
748 1472 841 1531 esset
859 1457 919 1529 hic
938 1456 1197 1555 indispositns,

119 1568 156 1627 et
176 1555 279 1655 qnod
303 1571 487 1652 praecepto
511 1559 770 1630 contraveniat.
790 1557 892 1629 Ratio
910 1557 1030 1654 potior
1054 1570 1090 1626 et
1113 1579 1197 1655 vera

119 1649 197 1725 baec
212 1655 302 1727 mihi
316 1650 553 1728 videturesse
568 1685 577 1726 ε
598 1655 732 1747 ablatio
751 1655 950 1727 occasionis
963 1668 1084 1726 estres
1097 1676 1199 1749 mag·

119 1749 258 1841 mopere
281 1753 415 1835 ardna,
434 1768 471 1827 et
489 1780 562 1826 non
581 1754 622 1826 fii
639 1753 722 1835 nisi,
735 1754 816 1852 quis
836 1778 1006 1849 magnam
1029 1753 1102 1822 rim
1127 1750 1198 1823 sibi

117 1849 267 1932 inferat,
277 1863 317 1922 nt
329 1849 504 1923 avellatur
518 1850 564 1923 ab
577 1852 638 1922 illa
650 1855 837 1933 occasione
850 1907 857 1933 ,
868 1854 913 1921 ad
927 1876 1036 1947 quam
1049 1865 1200 1947 propter
1252 1887 1258 1900 ·

36 1956 46 1971 ”
121 1949 337 2044 praeteritam
354 1948 409 2021 sui
427 1949 544 2020 animi·
554 1949 800 2021 adhaesionem
817 1963 978 2020 remanet
992 1947 1096 2020 valdie
1112 1973 1199 2036 pro·

150 2069 258 2120 ensns
277 2072 286 2131 ;
304 2060 340 2118 et
356 2045 461 2129 idel),
482 2048 512 2119 si
536 2051 677 2121 occasio
693 2073 769 2122 non
791 2046 952 2119 aufertur
978 2040 1201 2118 antb‘abso«

120 2069 500 2243 lotionempoenitens
513 2144 558 2218 de
572 2145 668 2217 facili
684 2145 1039 2242 postabsolutioncm
1054 2171 1092 2216 sc
1102 2144 1200 2218 deci·

12 2248 21 2259 ⁴
122 2240 314 2341 piet,falsb
327 2241 395 2314 sibi
409 2243 613 2331 suadendo,
623 2244 722 2341 qnod
733 2243 991 2323 tentationibus
1007 2247 1200 2316 restiturus

124 2343 190 2431 sit3
210 2348 245 2414 'et
258 2342 331 2423 sic,
349 2343 539 2417 occasione
551 2366 625 2413 non
641 2340 788 2412 dimissa
804 2396 812 2424 ,
827 2338 991 2438 prolecto
1005 2341 1137 2433 redibit
1151 2339 1200 2416 ad

121 2441 313 2511 vomitum.
326 2440 408 2531 Qua
424 2437 469 2511 de
484 2464 541 2525 re,
559 2441 589 2511 si
605 2438 684 2510 talis
698 2438 811 2510 vellet
822 2436 960 2509 absolvi
974 2494 982 2524 ,
1001 2443 1201 2538 antequam

123 2538 353 2617 occasionem
373 2535 532 2625 deserat,
550 2552 642 2609 osset
657 2534 914 2634 indispositus,
935 2540 1018 2633 quia
1047 2562 1083 2608 se
1106 2560 1201 2608 con-

122 2638 289 2707 stitueret
299 2634 337 2706 in
353 2632 531 2731 probabili
547 2633 710 2732 periculo
720 2633 941 2732 infringendi
951 2635 1199 2732 propositums

125 2757 168 2806 ac
184 2738 371 2833 propterea
386 2733 650 2816 Confessarins,
668 2735 828 2830 quicum
844 2732 1064 2813 absolveret,
1077 2733 1202 2833 ipsum

125 2830 373 2929 relinquendo
399 2831 438 2902 in
463 2832 527 2902 tali
556 2831 744 2945 periculo,
770 2832 1095 2928 ntiqueapeccaret
1128 2836 1202 2905 tim

124 2932 251 3002 contin
275 2927 434 3001 officinm
449 2929 611 3017 Jndiois,
629 2932 740 3027 quim
758 2929 908 3009 Medici,
931 2931 1017 3028 qnia
1029 2927 1203 3002 absolve·

126 3042 183 3101 ret
201 3027 460 3127 indispositum
476 3082 487 3116 ,
503 3054 578 3100 non
595 3027 816 3126 applicando
834 3026 889 3098 illi
903 3025 1105 3099 remedium
1123 3032 1206 3126 eine

127 3127 239 3199 salini
263 3128 521 3198 necessarium.
1098 3174 1103 3185 ·

175 3224 281 3297 Dices
299 3253 308 3294 ε
328 3226 533 3311 Poenitcns,
551 3223 616 3321 qui
630 3221 741 3296 babet
755 3250 822 3324 pro
837 3247 875 3295 se
893 3222 1105 3323 opinionem
1122 3249 1205 3320 pro-
1268 3250 1269 3255 ¹

126 3319 290 3395 habilem
308 3322 440 3407 ,debet
452 3321 598 3404 absolvi,
616 3324 720 3421 qnia,
744 3314 828 3394 cnm
843 3323 889 3395 sit
902 3320 1119 3421 dispositus,
1139 3322 1206 3394 ha-

128 3417 194 3493 bet
215 3424 273 3519 jos
297 3419 345 3492 ad
370 3420 639 3493 absolutionem
662 3476 671 3505 ,
691 3424 788 3520 juxta
806 3420 908 3492 vdicta
937 3420 962 3491 Ι.
990 3447 1003 3503 ι
1031 3447 1066 3492 ιι.
1093 3422 1149 3494 25.
1170 3432 1213 3519 et

131 3517 287 3592 dicenda
304 3547 342 3601 n.
360 3520 445 3610 604.
459 3516 558 3615 Ergo
571 3519 700 3615 si'quis
717 3518 925 3591 efformaret
938 3517 1004 3591 sibi
1021 3521 1208 3592 conscien-

130 3619 220 3691 tiam
237 3615 477 3714 probabilem,
492 3621 593 3713 inrita
605 3618 762 3714 primam
777 3632 1005 3706 sententiam,
1023 3631 1209 3689 teneretur

129 3715 382 3787 confessarius
402 3738 487 3786 enm
511 3712 713 3787 absolvere.
735 3713 989 3817 Resp'ondetnr
1011 3740 1021 3786 ι
1047 3712 1146 3811 quod
1165 3714 1210 3786 il-

130 3812 275 3886 licitom
298 3813 345 3884 sit
368 3817 435 3904 (ut
451 3811 609 3885 diximus
625 3838 708 3885 mox
724 3820 833 3912 snpra
854 3838 889 3885 n.
906 3810 1087 3905 453=dnb
1109 3822 1210 3901 nse

128 3908 335 3986 voluntaris
371 3933 553 4007 exponere
590 3909 772 4013 probabili
802 3910 973 4008 *periculo
1004 3909 1210 4008 peccandi,

96 4007 102 4019 ’
127 4009 232 4084 nudo
259 4023 385 4108 peccat
410 4010 619 4108 pccnitens,
643 4012 708 4108 qui
724 4008 803 4081 rnlt
827 4004 1094 4082 absolutionem
1114 4009 1212 4081 recia·

133 4128 244 4208 perc,
264 4103 462 4213 anteqnbm
478 4109 708 4184 occasionem
725 4106 901 4197 dimittat,
920 4130 1004 4182 snm
1018 4132 1057 4183 sc
1069 4107 1213 4184 immit-
