2884 4684
221 353 303 452 Cap.
321 357 350 424 I.
367 354 456 425 uua.
471 352 531 428 tv.
544 354 597 426 Ile
618 357 752 427 menne
770 351 867 450 hujus
879 354 1089 428 sacramenti.
1134 362 1199 452 η

109 473 352 545 commutatio
367 470 447 545 lieri
462 468 623 544 debet-in
638 469 924 571 operaejusdem
937 485 1089 545 naturoe.
1100 470 1121 568 5
1133 468 1195 547 55.

113 568 196 667 XII.
218 573 354 645 Ptaeter
373 571 793 645 excommunicationem
820 573 997 670 majorem
1024 570 1195 646 Pontifici

114 684 333 743 reservatam
354 669 391 740 in
410 670 564 743 Constit.
584 667 783 765 Apostollci
796 668 965 753 munsrt's,
985 666 1197 767 impositam

49 776 63 869 ζ
115 754 304 879 Sacerdoti
317 766 490 868 complici
506 767 545 838 in
566 781 716 865 peccato
733 767 857 866 turpi,
874 763 939 881 qni
956 771 1053 841 extra
1069 769 1201 842 mortis

117 864 314 938 articulum
332 864 616 939 ‘Confessionem
637 865 772 965 excipit
789 866 1019 963 poemtentis,
1038 878 1198 964 eumque

115 963 290 1055 absolvit3
305 964 362 1037 v'el
379 965 492 1065 quiin
507 960 664 1036 articulo
676 965 804 1037 mortis
816 962 988 1052 absolvit,
1002 989 1087 1038 cum
1107 959 1200 1039 aliiae

115 1060 294 1135 Sacerdos
322 1088 398 1164 non
416 1061 541 1153 'desit3
568 1060 640 1136 sire
655 1121 664 1153 ‚
681 1064 780 1135 'cum
806 1061 899 1136 alius
928 1062 977 1135 sit
999 1061 1201 1161 Sacerdosj,

117 1157 189 1235 sibi
207 1161 451 1262 fingit‚,quod
470 1162 499 1257 si
519 1161 702 1261 poenitens
721 1159 1034 1244 illiconfiteatur,
1053 1161 1204 1237 infamia

116 1274 183 1333 aut
206 1259 421 1349 scandalum
439 1256 526 1333 inde
548 1260 729 1349 oriturum
747 1261 815 1349 sit,
844 1274 881 1353 et
899 1257 984 1332 ideo
999 1258 1204 1361 Confessio·

115 1384 205 1430 nem
221 1362 302 1454 ejus
318 1358 474 1459 excipit,
494 1371 557 1433 aut
571 1355 746 1432 absolvit:
760 1354 965 1458 imponitur
982 1357 1044 1432 hic
1058 1354 1207 1433 inhabi-

118 1455 203 1543 litas
232 1456 272 1529 in
298 1452 536 1556 quocumque
558 1452 716 1530 lubilaeo
742 1440 958 1547 altsolrgeudi
984 1456 1208 1558 complicem

69 1626 73 1631 .
149 1555 377 1630 oenitantem.
396 1556 417 1652 5
433 1556 481 1655 59
501 1568 538 1629 et
559 1557 619 1631 60.
638 1556 737 1629 XIII.
755 1557 1019 1642 Cum'omnes,
1039 1578 1122 1656 quae
1138 1558 1209 1630 tri-

119 1579 496 1728 quntur'faeuttaaes
510 1652 557 1726 ad
568 1652 713 1736 Jubitaei
730 1655 1046 1739 consecutionem,
1059 1647 1209 1728 directa

117 1779 163 1826 ac
180 1751 291 1825 veluti
305 1748 420 1852 ipsius
436 1753 655 1854 praeparatio
674 1767 783 1845 sunt,
804 1746 901 1827 cta're
916 1751 1005 1827 inde
1025 1753 1211 1854 sequitur,

120 1849 272 1924 illarum
293 1854 375 1924 usui
392 1836 545 1925 minime
563 1850 687 1923 locum
708 1876 798 1941 esse,
819 1852 890 1924 nisi
910 1877 995 1925 cum
1013 1876 1068 1944 eo,
1088 1854 1153 1951 qui
1166 1848 1212 1945 ²et

121 1947 169 2022 ad
193 1947 499 2049 consequendum
517 1946 720 2024 Jubilaeum
737 1948 964 2049 praeparatus
989 1946 1054 2034 sit,
1073 1964 1110 2024 et
1128 1975 1213 2025 cer-

122 2061 205 2120 tum
230 2047 363 2120 habeat
389 2050 618 2146 propositum
644 2044 875 2148 adimplendi
897 2072 1008 2149 opera
1027 2049 1211 2147 injuncta.

122 2144 218 2242 562.
239 2144 342 2220 XIV.
359 2144 578 2219 Confessarii
594 2143 741 2219 tantiim
767 2149 805 2221 in
830 2146 912 2220 foro
936 2146 1213 2240 sacramentali,

124 2256 163 2317 et
173 2243 349 2317 Ecclesiis
367 2237 563 2343 designatis
578 2259 733 2343 possunt
751 2243 958 2334 absolvere,
972 2261 1009 2320 et
1023 2261 1105 2320 vota
1117 2272 1214 2342 com·

122 2357 285 2419 mutare.
303 2343 323 2441 5
341 2342 400 2416 63.
417 2343 501 2417 XV.
513 2341 695 2442 Tempore
709 2342 853 2417 tubitaei
867 2401 875 2428 ,
889 2343 1214 2449 velIndulgentia-

128 2467 213 2515 rum
232 2438 624 2540 omnino'imponenda
639 2456 694 2513 est
708 2442 924 2541 poenitentia
940 2444 958 2514 l
973 2442 1215 2532 confessario,

128 2565 178 2614 ne
195 2538 369 2613 mutilum
388 2555 535 2614 maneat
552 2542 842 2613 Sacramentum.
858 2540 878 2637 5
893 2541 954 2615 65.
968 2536 1071 2615 XVI.
1088 2544 1217 2617 Nomi-

127 2639 306 2737 nepertia
325 2638 418 2712 laesae
436 2637 512 2712 uon
531 2638 752 2733 intelligitur
774 2638 913 2726 Judaeu,
939 2638 1005 2712 sed
1024 2642 1087 2740 qui
1113 2640 1219 2715 dam·

127 2763 221 2812 num
236 2752 291 2813 est
304 2764 440 2835 passus.
458 2736 552 2836 566.
568 2741 619 2813 Et
632 2738 759 2810 itidem
776 2736 1003 2823 declaratur,
1020 2764 1095 2812 non
1111 2766 1219 2837 posse

129 2838 351 2909 commutari
372 2851 454 2911 vota
478 2839 517 2910 in
542 2836 802 2937 praejudicium
830 2837 946 2927 tertii,
973 2837 1069 2909 sicut
1091 2846 1220 2913 rotam

128 2938 404 3034 perseverantiae
417 2937 456 3009 in
474 2934 912 3036 aliquaCongregatione‚
929 2935 1032 3051 quand
1051 2951 1220 3012 naturam

132 3048 296 3107 assumat
311 3033 520 3109 contractius
536 3050 573 3106 et
592 3037 787 3135 reciprocae
802 3032 1035 3134 obligationis
1055 3038 1150 3135 inter
1162 3062 1220 3108 vo-
1292 3044 1294 3049 “

130 3148 279 3205 ventem
297 3145 334 3206 et
358 3134 696 3229 Congregntionem.
714 3132 831 3207 XVII.
853 3132 890 3205 Si
916 3133 1000 3234 quis
1049 3136 1221 3209 ostCon-
1261 3159 1264 3164 ·

132 3230 329 3309 fossionem
358 3231 564 3351 prolabitur
584 3232 623 3311 in
645 3231 805 3329 lethale,
823 3230 933 3316 debet
952 3235 1088 3321 iterum
1107 3234 1221 3308 conli-

132 3330 222 3415 teri,
241 3344 285 3402 ut
299 3329 472 3403 ultimum
489 3356 582 3430 opus
598 3333 661 3404 liat
677 3329 854 3430 ingratia.
870 3330 890 3426 5
905 3331 964 3430 73.
977 3328 1112 3405 XXIII.
1126 3333 1220 3432 Ope·

131 3454 174 3502 ra
191 3427 284 3500 facta
307 3429 345 3502 iu
366 3430 659 3530 peccatovalent
681 3429 727 3502 ad
753 3428 977 3503 lucrandum
996 3428 1218 3519 Jubilaeum,

132 3524 249 3600 modo
278 3528 365 3599 liant
388 3531 509 3604 animo
527 3524 725 3603 exhibendi
743 3529 923 3602 honorem
943 3530 1044 3612 Deo;
1063 3556 1138 3602 non
1161 3557 1219 3604 au·

132 3639 211 3698 tem
226 3648 268 3707 ex
287 3627 361 3698 fine
380 3652 500 3720 rano„
521 3642 567 3701 et·
584 3626 695 3700 modo
714 3626 886 3700 ultimum
907 3653 1002 3725 opus
1019 3628 1220 3723 impleatur

136 3725 177 3797 in
193 3727 317 3821 gratis.
335 3724 356 3820 5
370 3727 416 3819 75
431 3743 467 3799 et
481 3728 539 3826 76.
550 3726 646 3801 XIX.
657 3724 816 3800 Nomine
829 3726 960 3799 Incoloe
977 3727 1128 3801 veniunt
1141 3753 1219 3800 om·

134 3847 203 3899 nes
218 3824 282 3923 qui
299 3820 385 3896 sunt
399 3822 524 3898 Rornae
540 3882 550 3909 .
568 3826 690 3898 animo
710 3824 761 3898 ibi
776 3823 945 3898 morandi
962 3851 1027 3924 per
1044 3828 1221 3924 majorem

137 3921 410 4021 erumpentem,
430 3940 466 3997 et
486 3950 612 3998 omues
636 3926 701 4025 qui
728 3926 849 4000 Romae
876 3922 1032 4022 alicujus
1055 3928 1220 4001 muneris

135 4034 204 4097 eut
219 4022 353 4119 negotii
375 4028 483 4096 coust
505 4038 707 4097 morantur.
731 4020 921 4098 Confessio
942 4036 997 4095 est
1020 4025 1221 4098 necessaria

142 4118 190 4192 ad
202 4117 424 4193 lucrandum
438 4121 461 4195 J
464 4120 654 4213 ubilaenm,
671 4122 811 4194 etiamsi
830 4120 912 4300 <puis
928 4118 1061 4194 haheat
1073 4120 1150 4195 sola
1166 4146 1221 4196 ve·

136 4214 562 4429 eulaliafiqffivll‘ro
586 4221 665 4305 aliis
687 4219 835 4307 verita
864 4218 1052 4333 tignulis,
1071 4212 1224 4397 s3i²Cona
