2884 4684
263 215 346 318 ops
361 222 405 294 n.
423 187 523 296 nasi
538 223 581 314 11.
602 224 652 294 oe
667 191 811 318 tutans
828 195 1059 320 suessan,
1156 193 1199 309 'si

114 327 215 409 Ratio
233 349 358 410 autem*
369 335 564 412 intrinseca
583 336 675 410 mibi
694 337 863 424 videtur,
884 341 992 438 quia,
1012 363 1098 413 cum
1121 335 1195 410 boc

113 449 336 602 §sareptam
347 435 549 510 sittantirm
562 433 864 510 Ecclesiasticum
878 440 893 531 (
904 451 946 510 ut
956 436 1050 511 bene
1062 434 1197 608 grobat

138 557 213 606 aar.
227 534 263 605 d.
278 532 330 609 66
340 560 371 607 s.
385 533 460 632 6.),
477 560 553 607 non
570 549 742 634 censetur
754 533 918 608 Ecclesia
933 533 1058 608 vettea
1098 532 1199 607 iilud

115 624 281 728 'obligare
296 656 384 705 cum
406 648 508 707 tanto
532 634 656 732 rigore
667 658 685 726 ;’
698 631 809 707 Unde
828 632 928 705 illud
942 635 1195 732 quamprtmdm

113 729 304 803 moraliter
328 730 438 806 debet
466 727 646 827 intstttgi,
672 730 784 832 proiit
807 730 1026 835 intelligitur
1049 734 1087 804 in
1116 729 1197 803 aliis

21 873 22 876 =
115 823 258 924 legibus
285 828 474 920 humanis,
496 828 630 928 nempe
646 830 687 903 in
716 830 741 904 L
751 830 826 927 fin.
845 829 1022 905 deJudic.
1042 841 1079 902 et
1092 830 1114 902 l.
1126 829 1195 920 fin.

20 929 21 966 t
116 924 153 998 C.
169 925 216 998 de
234 926 315 1001 En.
330 925 466 1002 Advoc.
487 927 558 1001 ubi
568 923 739 1012 verbum,
757 926 900 1013 statim,
921 926 1198 1027 quamprimdm,

112 1022 298 1111 conanus,
315 1039 381 1099 aut
397 1025 538 1113 simile,
560 1040 601 1100 ut
627 1027 916 1127 interpretantur
942 1025 1051 1099 Buld.
1078 1025 1196 1098 Fert.
1223 1043 1227 1048 ”
1290 1049 1293 1055 ·

113 1117 286 1198 Mendos.
311 1150 373 1218 ap.
402 1121 573 1211 Milante,
602 1123 698 1199 bene
724 1124 936 1198 'extenditur
962 1122 1010 1196 ad
1037 1123 1199 1226 spatium

113 1219 229 1293 trium
245 1220 399 1297 dierum.
417 1224 672 1298 communiter
683 1238 807 1296 tamen
822 1219 953 1298 dicunt
965 1221 1062 1321 Lago
1076 1246 1112 1294 n.
1131 1222 1200 1293 16²

113 1329 148 1388 et
167 1317 249 1393 163.
273 1320 363 1396 Viro
374 1346 409 1392 n.
426 1319 462 1395 6.
474 1320 646 1408 Milunte,
661 1337 698 1394 et
708 1322 830 1393 Diana
844 1322 880 1393 lt
892 1347 947 1393 cc.
958 1346 1036 1394 cum
1052 1317 1201 1405 dorcic,

110 1430 149 1486 'et
164 1415 353 1514 Curidtdo,
366 1417 469 1519 qnod
481 1417 687 1518 aliquandb
701 1445 771 1522 per
783 1418 955 1492 accidens
971 1444 1014 1490 ex
1028 1416 1093 1490 tali
1109 1441 1200 1518 prte-

112 1530 222 1616 cepto
245 1514 423 1591 Sacerdos
438 1515 503 1590 itte
524 1525 716 1593 teneretur
733 1519 900 1590 confiteri
917 1515 1045 1591 eadem
1066 1515 1144 1604 die,
1164 1529 1202 1590 et

111 1610 209 1688 forte
221 1614 351 1689 eadem
368 1614 478 1703 hora,
493 1622 583 1717 putta
599 1616 630 1689 si
643 1615 1016 1691 [monasterorium
1029 1614 1202 1701 baberet,

114 1735 190 1810 quo
215 1717 339 1809 postet
358 1740 423 1813 per
439 1713 564 1815 piures
581 1714 660 1789 dies
676 1713 830 1804 carebit,
850 1713 906 1786 vel
922 1716 955 1787 si
973 1740 1053 1788 cras
1073 1712 1203 1787 eadem

112 1812 313 1885 necessitas
331 1828 477 1912 urgeret
493 1809 725 1902 celebrandi,
747 1839 816 1885 nec
834 1828 956 1915 posset
972 1810 1152 1885 confiteri.

161 1912 292 2003 Quaen
308 1911 358 1983 V.
379 1911 440 1984 rin
463 1928 633 1985 tencatur
651 1914 819 1986 confiteri
839 1910 1116 2010 quamprimbm
1137 1910 1203 1982 Sa.-

113 2005 247 2082 cerdos
257 2004 433 2111 sacrilege
442 2008 719 2109 celebrans,qui
731 2036 806 2084 non
816 2009 926 2087 babet
937 2010 1203 2098 necessitatem,

113 2105 175 2179 'vei
199 2106 267 2207 qui
290 2121 409 2180 stante
425 2108 640 2181 necessitate
657 2108 770 2182 habet
788 2107 919 2183 tamen
942 2110 1090 2209 copiam
1109 2106 1207 2180 Gon·

113 2203 258 2279 fessarii
272 2199 290 2279 i
302 2203 501 2279 Affirmant
516 2206 675 2303 Sylviirs,
695 2222 733 2279 et
747 2205 812 2279 alii
825 2208 924 2303 apud
939 2207 1049 2280 Crete
1064 2229 1099 2277 n.
1121 2204 1205 2298 546.

116 2303 191 2376 Sed
201 2302 519 2387 communissime,
530 2318 567 2378 et
577 2304 698 2378 veribs
709 2301 845 2407 negent
856 2305 956 2380 Suur.
971 2306 1006 2381 d.
1016 2303 1157 2377 66scct.
1170 2326 1207 2403 7.

118 2400 218 2499 Lago
233 2403 268 2474 d.
289 2404 330 2497 td
342 2429 379 2476 n.
402 2405 480 2477 150.
501 2403 621 2476 Diana
631 2433 670 2504 p.
724 2420 767 2478 tr.
788 2406 909 2479 alies:
925 2404 983 2482 26.
997 2427 1076 2475 cum
1095 2400 1206 2475 (iram

111 2499 203 2572 m.
218 2500 378 2586 nunno,
395 2500 460 2575 etc.¹
473 2502 559 2575 item
576 2501 662 2577 Vos.
677 2427 780 2603 dayr.
799 2500 944 2575 March.
962 2501 1043 2576 Dic.
1058 2497 1208 2582 Atera,

124 2597 214 2671 Gob.
233 2598 326 2669 Pet.
347 2614 411 2672 etc.
430 2600 531 2698 apud
541 2599 651 2671 Crozir
668 2598 690 2671 l.
710 2627 743 2674 c.
760 2614 797 2674 et
812 2599 889 2673 fere
906 2597 1114 2672 eommunis
1127 2591 1210 2669 sen·

115 2695 234 2769 'tentia
253 2708 295 2768 ut
313 2709 466 2770 testatur
481 2696 596 2799 Moya
613 2723 644 2796 q.
658 2695 684 2770 6
698 2698 719 2794 5
733 2699 768 2791 d.
789 2699 911 2784 Ratio,
935 2700 1021 2797 quia
1039 2718 1211 2796 praecep·

122 2805 200 2867 tunt
213 2793 428 2878 Tridentini,
440 2791 653 2893 ordinatum
667 2809 720 2868 est
735 2791 781 2867 ad
797 2810 938 2870 metum
951 2791 1211 2870 incutiendum

120 2894 184 2977 iis.
200 2893 266 2994 qui
285 2908 451 2993 pretextu
469 2895 694 2967 necessitatis
714 2892 893 2970 differunt
909 2892 1211 2982 Confessionern,

124 3017 201 3065 non
231 3007 353 3065 autem
378 2990 553 3091 sacrilege
577 2990 869 3080 celebrantibus,
886 2992 1023 3093 quibus
1042 3015 1213 3095 praecep-

125 3104 208 3164 tum
224 3090 298 3163 hoc
311 3090 418 3164 valdt
436 3090 520 3164 rarb
540 3103 633 3164 esset
648 3091 907 3193 profuturum:
927 3090 985 3164 itti
1003 3092 1102 3163 enim
1124 3089 1213 3186 qui,

117 3185 270 3261 'contem
302 3205 337 3261 to
354 3214 474 3289 praece
503 3202 540 3262 to
560 3190 700 3280 divino,
719 3190 857 3263 audent
873 3192 912 3262 in
926 3203 1079 3289 peccato
1095 3187 1215 3262 scien·

128 3302 180 3361 ter
190 3203 551 3376 celebrare,faciiii1s
564 3287 865 3364 Ecclesiasticum
878 3301 1116 3360 contemnent
1123 3310 1217 3386 prec-

129 3400 291 3487 ceptum.
314 3385 411 3460 Bene
436 3401 560 3460 autem
586 3387 694 3461 docet
709 3388 809 3485 Lago
823 3387 934 3481 Hesp.
951 3411 1039 3460 mor.
1057 3389 1081 3459 Ι.
1096 3387 1120 3477 4
1135 3380 1214 3453 dut.

128 3485 172 3584 47
194 3511 231 3559 n.
255 3485 291 3559 5.
340 3483 416 3556 uod
430 3486 467 3557 in
487 3481 681 3587 praeceptis
698 3485 862 3584 positivis
886 3483 1092 3558 convaleat
1109 3503 1218 3579 argu-

127 3598 294 3657 mentum
311 3511 357 3655 de
371 3583 505 3655 minori
518 3584 564 3655 ad
582 3579 884 3685 unciasque-ndi)
899 3584 1076 3678 minusin
1085 3578 1217 3675 majori

129 3706 204 3754 non
221 3684 451 3771 continetur,
468 3679 581 3781 proiit
593 3701 647 3755 est
662 3682 702 3755 in
718 3699 843 3756 nostro
858 3708 965 3765 casu,
983 3682 1021 3753 in
1037 3700 1111 3778 quo
1131 3701 1219 3773 prae·

130 3795 234 3879 cepta
249 3796 339 3852 sunt
353 3775 548 3878 disparata.
562 3778 672 3854 Recte
690 3797 814 3853 tamen
830 3778 986 3853 advertit
997 3778 1097 3874 Lago
1110 3775 1158 3846 D.
1176 3777 1219 3946 'i

117 3869 165 3950 n.
186 3877 265 3953 150.
282 3877 396 3978 quud,
413 3879 444 3950 si
463 3876 546 3952 talis
562 3876 737 3953 Sacerdos
762 3905 806 3951 ex
831 3871 1066 3961 necessita'te',
1087 3875 1195 3948 omiss

115 3977 374 4066 contritione,
405 3976 628 4068 celebraret,
654 3979 783 4079 utique
809 3989 997 4050 teneretur
1022 3973 1069 4047 ad
1099 3973 1218 4046 confi'·

128 4074 267 4152 endum
296 4074 602 4178 quamprimirm,
630 4076 721 4179 quia
746 4071 981 4180 pioeeeptum
999 4065 1216 4151 Tridentini
