<?xml version="1.0" encoding="UTF-8"?>
<!DOCTYPE html PUBLIC "-//W3C//DTD XHTML 1.0 Transitional//EN"
    "http://www.w3.org/TR/xhtml1/DTD/xhtml1-transitional.dtd">
<html xmlns="http://www.w3.org/1999/xhtml" xml:lang="en" lang="en">
 <head>
  <title>
</title>
<meta http-equiv="Content-Type" content="text/html;charset=utf-8" />
  <meta name='ocr-system' content='tesseract 3.04.00' />
  <meta name='ocr-capabilities' content='ocr_page ocr_carea ocr_par ocr_line ocrx_word'/>
</head>
<body>
  <div class='ocr_page' id='page_1' title='image "./theologiamorali08ligugoog_0142.png"; bbox 0 0 2884 4684; ppageno 0'>
   <div class='ocr_carea' id='block_1_1' title="bbox 140 216 1079 291">
    <p class='ocr_par' dir='ltr' id='par_1_1' title="bbox 140 216 1079 291">
     <span class='ocr_line' id='line_1_1' title="bbox 140 216 1079 291; baseline -0.009 0"><span class='ocrx_word' id='word_1_1' title='bbox 140 223 205 291; x_wconf 76' lang='lat'><strong>1&#39;24</strong></span> <span class='ocrx_word' id='word_1_2' title='bbox 359 216 1001 288; x_wconf 71' lang='lat' dir='ltr'><strong>tib.v1.tmet.ttt.ne.13uchnism.</strong></span> <span class='ocrx_word' id='word_1_3' title='bbox 1072 227 1079 238; x_wconf 93' lang='grc'><em>“</em></span> 
     </span>
    </p>
   </div>
   <div class='ocr_carea' id='block_1_2' title="bbox 139 323 1327 924">
    <p class='ocr_par' dir='ltr' id='par_1_2' title="bbox 139 323 1327 924">
     <span class='ocr_line' id='line_1_2' title="bbox 142 323 1227 432; baseline -0.01 -24"><span class='ocrx_word' id='word_1_4' title='bbox 142 362 165 401; x_wconf 82' lang='lat' dir='ltr'><strong>u</strong></span> <span class='ocrx_word' id='word_1_5' title='bbox 190 330 334 407; x_wconf 83' lang='lat' dir='ltr'><strong>Missale</strong></span> <span class='ocrx_word' id='word_1_6' title='bbox 363 334 474 404; x_wconf 72' lang='lat' dir='ltr'><strong>etiam</strong></span> <span class='ocrx_word' id='word_1_7' title='bbox 499 331 705 432; x_wconf 81' lang='lat' dir='ltr'><strong>permittat,</strong></span> <span class='ocrx_word' id='word_1_8' title='bbox 733 344 777 404; x_wconf 88' lang='lat' dir='ltr'><strong>ut</strong></span> <span class='ocrx_word' id='word_1_9' title='bbox 805 330 918 429; x_wconf 82' lang='lat' dir='ltr'><strong>digito</strong></span> <span class='ocrx_word' id='word_1_10' title='bbox 946 327 1148 403; x_wconf 83' lang='lat' dir='ltr'><strong>attrahatur</strong></span> <span class='ocrx_word' id='word_1_11' title='bbox 1174 323 1227 398; x_wconf 75' lang='lat' dir='ltr'><strong>sd</strong></span> 
     </span>
     <span class='ocr_line' id='line_1_3' title="bbox 139 428 1327 525; baseline -0.008 -22"><span class='ocrx_word' id='word_1_12' title='bbox 139 463 163 503; x_wconf 79' lang='lat' dir='ltr'><strong>u</strong></span> <span class='ocrx_word' id='word_1_13' title='bbox 190 432 332 505; x_wconf 82' lang='lat' dir='ltr'><strong>labium</strong></span> <span class='ocrx_word' id='word_1_14' title='bbox 345 429 489 517; x_wconf 84' lang='lat' dir='ltr'><strong>calicis,</strong></span> <span class='ocrx_word' id='word_1_15' title='bbox 514 445 550 502; x_wconf 91' lang='lat' dir='ltr'><strong>et</strong></span> <span class='ocrx_word' id='word_1_16' title='bbox 567 445 733 503; x_wconf 81' lang='lat' dir='ltr'><strong>sumatur</strong></span> <span class='ocrx_word' id='word_1_17' title='bbox 749 430 832 502; x_wconf 76' lang='lat' dir='ltr'><strong>ante</strong></span> <span class='ocrx_word' id='word_1_18' title='bbox 852 428 1131 517; x_wconf 70' lang='lat' dir='ltr'><strong>ablutionem)z</strong></span> <span class='ocrx_word' id='word_1_19' title='bbox 1147 447 1227 525; x_wconf 86' lang='lat' dir='ltr'><strong>quo</strong></span> <span class='ocrx_word' id='word_1_20' title='bbox 1321 455 1327 462; x_wconf 94' lang='lat'>·</span> 
     </span>
     <span class='ocr_line' id='line_1_4' title="bbox 142 524 1226 628; baseline -0.006 -27"><span class='ocrx_word' id='word_1_21' title='bbox 142 558 168 601; x_wconf 79' lang='lat' dir='ltr'><strong>u.</strong></span> <span class='ocrx_word' id='word_1_22' title='bbox 193 529 303 603; x_wconf 89' lang='lat' dir='ltr'><strong>modo</strong></span> <span class='ocrx_word' id='word_1_23' title='bbox 322 526 430 602; x_wconf 73' lang='lat' dir='ltr'><strong>etiam</strong></span> <span class='ocrx_word' id='word_1_24' title='bbox 457 530 483 600; x_wconf 90' lang='lat' dir='ltr'><strong>ii</strong></span> <span class='ocrx_word' id='word_1_25' title='bbox 504 545 746 616; x_wconf 81' lang='lat' dir='ltr'><strong>excusentur,</strong></span> <span class='ocrx_word' id='word_1_26' title='bbox 770 529 835 628; x_wconf 88' lang='lat' dir='ltr'><strong>qui</strong></span> <span class='ocrx_word' id='word_1_27' title='bbox 853 554 898 602; x_wconf 78' lang='lat' dir='ltr'><strong>ex</strong></span> <span class='ocrx_word' id='word_1_28' title='bbox 915 527 1107 602; x_wconf 86' lang='lat' dir='ltr'><strong>devotione</strong></span> <span class='ocrx_word' id='word_1_29' title='bbox 1133 524 1226 596; x_wconf 88' lang='lat' dir='ltr'><strong>hos·-</strong></span> 
     </span>
     <span class='ocr_line' id='line_1_5' title="bbox 140 618 1227 726; baseline -0.007 -25"><span class='ocrx_word' id='word_1_30' title='bbox 140 660 167 694; x_wconf 41' lang='lat' dir='ltr'><strong>s»</strong></span> <span class='ocrx_word' id='word_1_31' title='bbox 191 631 277 701; x_wconf 90' lang='lat' dir='ltr'><strong>tiam</strong></span> <span class='ocrx_word' id='word_1_32' title='bbox 294 629 334 700; x_wconf 91' lang='lat' dir='ltr'><strong>iu</strong></span> <span class='ocrx_word' id='word_1_33' title='bbox 347 654 410 701; x_wconf 87' lang='lat' dir='ltr'><strong>ore</strong></span> <span class='ocrx_word' id='word_1_34' title='bbox 423 627 488 700; x_wconf 80' lang='lat' dir='ltr'><strong>diii</strong></span> <span class='ocrx_word' id='word_1_35' title='bbox 504 630 722 718; x_wconf 78' lang='lat' dir='ltr'><strong>retinentes,</strong></span> <span class='ocrx_word' id='word_1_36' title='bbox 736 653 822 701; x_wconf 82' lang='lat' dir='ltr'><strong>casu</strong></span> <span class='ocrx_word' id='word_1_37' title='bbox 840 627 1067 726; x_wconf 71' lang='lat' dir='ltr'><strong>praemittunt</strong></span> <span class='ocrx_word' id='word_1_38' title='bbox 1081 618 1227 720; x_wconf 79' lang='lat' dir='ltr'><strong>aliquid</strong></span> 
     </span>
     <span class='ocr_line' id='line_1_6' title="bbox 140 720 1228 827; baseline -0.006 -30"><span class='ocrx_word' id='word_1_39' title='bbox 140 758 162 798; x_wconf 81' lang='lat' dir='ltr'><strong>u</strong></span> <span class='ocrx_word' id='word_1_40' title='bbox 190 726 414 804; x_wconf 84' lang='lat' dir='ltr'><strong>ablutionis:</strong></span> <span class='ocrx_word' id='word_1_41' title='bbox 436 727 569 827; x_wconf 73' lang='lat' dir='ltr'><strong>sponte</strong></span> <span class='ocrx_word' id='word_1_42' title='bbox 590 740 713 799; x_wconf 88' lang='lat' dir='ltr'><strong>tamen</strong></span> <span class='ocrx_word' id='word_1_43' title='bbox 737 726 777 798; x_wconf 92' lang='lat' dir='ltr'><strong>id</strong></span> <span class='ocrx_word' id='word_1_44' title='bbox 797 750 874 798; x_wconf 86' lang='lat' dir='ltr'><strong>non</strong></span> <span class='ocrx_word' id='word_1_45' title='bbox 901 724 1008 811; x_wconf 85' lang='lat' dir='ltr'><strong>lieet,</strong></span> <span class='ocrx_word' id='word_1_46' title='bbox 1030 724 1101 797; x_wconf 88' lang='lat' dir='ltr'><strong>nisi</strong></span> <span class='ocrx_word' id='word_1_47' title='bbox 1126 720 1228 822; x_wconf 70' lang='lat' dir='ltr'><strong>hona</strong></span> 
     </span>
     <span class='ocr_line' id='line_1_7' title="bbox 139 821 1228 924; baseline -0.007 -26"><span class='ocrx_word' id='word_1_48' title='bbox 139 857 163 898; x_wconf 83' lang='lat' dir='ltr'><strong>u</strong></span> <span class='ocrx_word' id='word_1_49' title='bbox 190 826 297 904; x_wconf 87' lang='lat' dir='ltr'><strong>fides,</strong></span> <span class='ocrx_word' id='word_1_50' title='bbox 319 838 356 896; x_wconf 88' lang='lat' dir='ltr'><strong>et</strong></span> <span class='ocrx_word' id='word_1_51' title='bbox 384 841 511 898; x_wconf 79' lang='lat' dir='ltr'><strong>teneto</strong></span> <span class='ocrx_word' id='word_1_52' title='bbox 537 825 755 924; x_wconf 75' lang='lat' dir='ltr'>simplicitas</span> <span class='ocrx_word' id='word_1_53' title='bbox 773 839 930 900; x_wconf 80' lang='lat' dir='ltr'><strong>excuset.</strong></span> <span class='ocrx_word' id='word_1_54' title='bbox 962 823 1062 897; x_wconf 74' lang='lat' dir='ltr'><strong>Retio</strong></span> <span class='ocrx_word' id='word_1_55' title='bbox 1089 821 1228 893; x_wconf 77' lang='lat' dir='ltr'><strong>horum</strong></span> 
     </span>
    </p>
   </div>
   <div class='ocr_carea' id='block_1_3' title="bbox 141 922 1346 1023">
    <p class='ocr_par' dir='ltr' id='par_1_3' title="bbox 141 922 1346 1023">
     <span class='ocr_line' id='line_1_8' title="bbox 141 922 1346 1023; baseline -0.005 -27"><span class='ocrx_word' id='word_1_56' title='bbox 141 955 162 996; x_wconf 79' lang='lat' dir='ltr'><strong>u</strong></span> <span class='ocrx_word' id='word_1_57' title='bbox 192 924 360 998; x_wconf 89' lang='lat' dir='ltr'><strong>omnium</strong></span> <span class='ocrx_word' id='word_1_58' title='bbox 380 940 453 1009; x_wconf 78' lang='lat' dir='ltr'><strong>est,</strong></span> <span class='ocrx_word' id='word_1_59' title='bbox 468 925 652 1023; x_wconf 78' lang='lat' dir='ltr'><strong>quietalis</strong></span> <span class='ocrx_word' id='word_1_60' title='bbox 669 925 832 1022; x_wconf 79' lang='lat' dir='ltr'><strong>sumptio</strong></span> <span class='ocrx_word' id='word_1_61' title='bbox 850 922 1034 996; x_wconf 77' lang='lat' dir='ltr'><strong>moraliter</strong></span> <span class='ocrx_word' id='word_1_62' title='bbox 1054 933 1230 993; x_wconf 83' lang='lat' dir='ltr'><strong>censetur</strong></span> <span class='ocrx_word' id='word_1_63' title='bbox 1344 966 1346 970; x_wconf 81' lang='lat'><em>.</em></span> 
     </span>
    </p>
   </div>
   <div class='ocr_carea' id='block_1_4' title="bbox 38 1018 1321 4083">
    <p class='ocr_par' dir='ltr' id='par_1_4' title="bbox 140 1018 1229 1220">
     <span class='ocr_line' id='line_1_9' title="bbox 140 1018 1229 1123; baseline -0.006 -28"><span class='ocrx_word' id='word_1_64' title='bbox 140 1055 161 1095; x_wconf 78' lang='lat' dir='ltr'><strong>u</strong></span> <span class='ocrx_word' id='word_1_65' title='bbox 189 1021 388 1123; x_wconf 82' lang='lat' dir='ltr'><strong>completio</strong></span> <span class='ocrx_word' id='word_1_66' title='bbox 410 1025 519 1096; x_wconf 90' lang='lat' dir='ltr'><strong>nnius</strong></span> <span class='ocrx_word' id='word_1_67' title='bbox 535 1024 725 1097; x_wconf 68' lang='lat' dir='ltr'><strong>sacrificii.</strong></span> <span class='ocrx_word' id='word_1_68' title='bbox 748 1023 837 1122; x_wconf 73' lang='lat' dir='ltr'><strong>Reg.</strong></span> <span class='ocrx_word' id='word_1_69' title='bbox 860 1024 885 1096; x_wconf 81' lang='grc' dir='ltr'><strong>Ι.</strong></span> <span class='ocrx_word' id='word_1_70' title='bbox 907 1043 939 1092; x_wconf 85' lang='lat' dir='ltr'><strong>c.</strong></span> <span class='ocrx_word' id='word_1_71' title='bbox 959 1046 999 1094; x_wconf 83' lang='lat' dir='ltr'><strong>n.</strong></span> <span class='ocrx_word' id='word_1_72' title='bbox 1025 1019 1104 1094; x_wconf 70' lang='grc' dir='ltr'><strong>ηδ.</strong></span> <span class='ocrx_word' id='word_1_73' title='bbox 1128 1018 1229 1090; x_wconf 80' lang='lat' dir='ltr'><strong>Bon.</strong></span> 
     </span>
     <span class='ocr_line' id='line_1_10' title="bbox 141 1119 608 1220; baseline -0.021 -24"><span class='ocrx_word' id='word_1_74' title='bbox 141 1153 162 1196; x_wconf 71' lang='lat' dir='ltr'><strong>a</strong></span> <span class='ocrx_word' id='word_1_75' title='bbox 190 1129 214 1193; x_wconf 87' lang='lat' dir='ltr'><strong>l.</strong></span> <span class='ocrx_word' id='word_1_76' title='bbox 240 1149 251 1194; x_wconf 91' lang='lat' dir='ltr'><strong>t</strong></span> <span class='ocrx_word' id='word_1_77' title='bbox 278 1119 563 1220; x_wconf 56' lang='lat' dir='ltr'><strong>adpetitus.</strong></span> <span class='ocrx_word' id='word_1_78' title='bbox 591 1153 608 1186; x_wconf 65' lang='lat' dir='ltr'><strong>s</strong></span> 
     </span>
    </p>

    <p class='ocr_par' dir='ltr' id='par_1_5' title="bbox 38 1216 1321 3461">
     <span class='ocr_line' id='line_1_11' title="bbox 190 1216 1230 1320; baseline -0.004 -27"><span class='ocrx_word' id='word_1_79' title='bbox 190 1221 329 1293; x_wconf 88' lang='lat' dir='ltr'><strong>Dicunt</strong></span> <span class='ocrx_word' id='word_1_80' title='bbox 345 1219 448 1293; x_wconf 77' lang='lat' dir='ltr'><strong>suar.</strong></span> <span class='ocrx_word' id='word_1_81' title='bbox 474 1219 621 1320; x_wconf 74' lang='lat' dir='ltr'><strong>Sylvest.</strong></span> <span class='ocrx_word' id='word_1_82' title='bbox 645 1222 739 1317; x_wconf 72' lang='lat' dir='ltr'><em>Aug.</em></span> <span class='ocrx_word' id='word_1_83' title='bbox 760 1232 798 1292; x_wconf 77' lang='lat' dir='ltr'><strong>et</strong></span> <span class='ocrx_word' id='word_1_84' title='bbox 815 1218 898 1291; x_wconf 70' lang='lat' dir='ltr'><strong>Fili.</strong></span> <span class='ocrx_word' id='word_1_85' title='bbox 915 1246 964 1318; x_wconf 81' lang='lat' dir='ltr'><strong>op</strong></span> <span class='ocrx_word' id='word_1_86' title='bbox 977 1216 1140 1292; x_wconf 68' lang='lat' dir='ltr'><strong>Sulmon.</strong></span> <span class='ocrx_word' id='word_1_87' title='bbox 1152 1242 1183 1290; x_wconf 81' lang='lat' dir='ltr'><strong>c.</strong></span> <span class='ocrx_word' id='word_1_88' title='bbox 1205 1238 1230 1313; x_wconf 64' lang='grc' dir='ltr'><strong><em>Ἰ</em></strong></span> 
     </span>
     <span class='ocr_line' id='line_1_12' title="bbox 142 1314 1229 1414; baseline -0.004 -22"><span class='ocrx_word' id='word_1_89' title='bbox 142 1344 185 1392; x_wconf 84' lang='lat' dir='ltr'><strong>n.</strong></span> <span class='ocrx_word' id='word_1_90' title='bbox 212 1321 253 1392; x_wconf 72' lang='lat'><strong>8·</strong></span> <span class='ocrx_word' id='word_1_91' title='bbox 287 1334 324 1391; x_wconf 84' lang='lat' dir='ltr'><strong>et</strong></span> <span class='ocrx_word' id='word_1_92' title='bbox 349 1319 458 1391; x_wconf 69' lang='lat' dir='ltr'><strong>croix</strong></span> <span class='ocrx_word' id='word_1_93' title='bbox 478 1321 503 1388; x_wconf 90' lang='lat' dir='ltr'><strong>l.</strong></span> <span class='ocrx_word' id='word_1_94' title='bbox 523 1320 550 1393; x_wconf 89' lang='lat'>6</span> <span class='ocrx_word' id='word_1_95' title='bbox 568 1343 605 1411; x_wconf 75' lang='lat' dir='ltr'><strong>p.</strong></span> <span class='ocrx_word' id='word_1_96' title='bbox 631 1348 644 1392; x_wconf 91' lang='lat' dir='ltr'><strong>r</strong></span> <span class='ocrx_word' id='word_1_97' title='bbox 668 1343 761 1389; x_wconf 82' lang='lat' dir='ltr'><strong>num.</strong></span> <span class='ocrx_word' id='word_1_98' title='bbox 779 1319 846 1392; x_wconf 69' lang='lat'><strong>611</strong></span> <span class='ocrx_word' id='word_1_99' title='bbox 874 1318 1085 1414; x_wconf 71' lang='lat' dir='ltr'><strong>infimum</strong></span> <span class='ocrx_word' id='word_1_100' title='bbox 1104 1314 1229 1388; x_wconf 83' lang='lat' dir='ltr'><strong>Tomb.</strong></span> 
     </span>
     <span class='ocr_line' id='line_1_13' title="bbox 141 1410 1321 1516; baseline -0.004 -27"><span class='ocrx_word' id='word_1_101' title='bbox 141 1415 287 1490; x_wconf 88' lang='lat' dir='ltr'><strong>licitum</strong></span> <span class='ocrx_word' id='word_1_102' title='bbox 311 1442 389 1489; x_wconf 87' lang='lat' dir='ltr'><strong>esse</strong></span> <span class='ocrx_word' id='word_1_103' title='bbox 416 1418 504 1489; x_wconf 82' lang='lat' dir='ltr'><strong>dare</strong></span> <span class='ocrx_word' id='word_1_104' title='bbox 524 1442 621 1515; x_wconf 83' lang='lat' dir='ltr'><strong>aegro</strong></span> <span class='ocrx_word' id='word_1_105' title='bbox 651 1417 843 1489; x_wconf 81' lang='lat' dir='ltr'><strong>minimam</strong></span> <span class='ocrx_word' id='word_1_106' title='bbox 865 1415 1087 1516; x_wconf 73' lang='lat' dir='ltr'><strong>particulam</strong></span> <span class='ocrx_word' id='word_1_107' title='bbox 1117 1410 1230 1486; x_wconf 87' lang='lat' dir='ltr'><strong>simirl</strong></span> <span class='ocrx_word' id='word_1_108' title='bbox 1314 1425 1321 1438; x_wconf 85' lang='lat'><strong><em>‘</em></strong></span> 
     </span>
     <span class='ocr_line' id='line_1_14' title="bbox 38 1510 1234 1617; baseline -0.004 -29"><span class='ocrx_word' id='word_1_109' title='bbox 38 1527 39 1530; x_wconf 75' lang='grc'>’</span> <span class='ocrx_word' id='word_1_110' title='bbox 144 1540 230 1591; x_wconf 86' lang='lat' dir='ltr'><strong>cum</strong></span> <span class='ocrx_word' id='word_1_111' title='bbox 258 1516 472 1602; x_wconf 86' lang='lat' dir='ltr'><strong>ablutione,</strong></span> <span class='ocrx_word' id='word_1_112' title='bbox 503 1519 531 1590; x_wconf 90' lang='lat' dir='ltr'><strong>si</strong></span> <span class='ocrx_word' id='word_1_113' title='bbox 555 1518 603 1590; x_wconf 81' lang='lat' dir='ltr'><strong>ol)</strong></span> <span class='ocrx_word' id='word_1_114' title='bbox 624 1517 829 1589; x_wconf 85' lang='lat' dir='ltr'><strong>siccitatem</strong></span> <span class='ocrx_word' id='word_1_115' title='bbox 849 1530 1008 1617; x_wconf 83' lang='lat' dir='ltr'><strong>nequeat</strong></span> <span class='ocrx_word' id='word_1_116' title='bbox 1035 1513 1144 1586; x_wconf 83' lang='lat' dir='ltr'><strong>illam.</strong></span> <span class='ocrx_word' id='word_1_117' title='bbox 1163 1510 1234 1583; x_wconf 89' lang='lat' dir='ltr'><strong>de·</strong></span> 
     </span>
     <span class='ocr_line' id='line_1_15' title="bbox 144 1611 1232 1712; baseline -0.004 -27"><span class='ocrx_word' id='word_1_118' title='bbox 144 1613 277 1710; x_wconf 74' lang='lat' dir='ltr'><strong>glutire</strong></span> <span class='ocrx_word' id='word_1_119' title='bbox 296 1641 306 1699; x_wconf 74' lang='lat'><em>3</em></span> <span class='ocrx_word' id='word_1_120' title='bbox 324 1612 401 1685; x_wconf 79' lang='lat' dir='ltr'><strong>imd</strong></span> <span class='ocrx_word' id='word_1_121' title='bbox 435 1617 478 1685; x_wconf 87' lang='grc' dir='ltr'><strong>Ρ.</strong></span> <span class='ocrx_word' id='word_1_122' title='bbox 508 1616 705 1689; x_wconf 80' lang='lat' dir='ltr'><strong>Zacchuria</strong></span> <span class='ocrx_word' id='word_1_123' title='bbox 730 1615 826 1712; x_wconf 79' lang='lat' dir='ltr'><strong>opud</strong></span> <span class='ocrx_word' id='word_1_124' title='bbox 853 1616 961 1688; x_wconf 70' lang='lat' dir='ltr'><strong>Crot&#39;s</strong></span> <span class='ocrx_word' id='word_1_125' title='bbox 988 1613 1116 1697; x_wconf 82' lang='lat' dir='ltr'><strong>refert,</strong></span> <span class='ocrx_word' id='word_1_126' title='bbox 1135 1611 1232 1683; x_wconf 78' lang='lat' dir='ltr'><strong>hano</strong></span> 
     </span>
     <span class='ocr_line' id='line_1_16' title="bbox 143 1711 1231 1788; baseline -0.009 0"><span class='ocrx_word' id='word_1_127' title='bbox 143 1712 257 1788; x_wconf 79' lang='lat' dir='ltr'><strong>fuisse</strong></span> <span class='ocrx_word' id='word_1_128' title='bbox 285 1715 594 1787; x_wconf 76' lang='lat' dir='ltr'><strong>cousuetudinem</strong></span> <span class='ocrx_word' id='word_1_129' title='bbox 620 1716 889 1787; x_wconf 83' lang='lat' dir='ltr'><strong>Monaehorum</strong></span> <span class='ocrx_word' id='word_1_130' title='bbox 913 1711 1231 1787; x_wconf 76' lang='lat' dir='ltr'><strong>cluniacensium.</strong></span> 
     </span>
     <span class='ocr_line' id='line_1_17' title="bbox 143 1811 1237 1910; baseline -0.005 -24"><span class='ocrx_word' id='word_1_131' title='bbox 143 1813 351 1897; x_wconf 73' lang='lat' dir='ltr'><strong>Praeterel,</strong></span> <span class='ocrx_word' id='word_1_132' title='bbox 377 1811 477 1887; x_wconf 72' lang='lat' dir='ltr'><strong>licite</strong></span> <span class='ocrx_word' id='word_1_133' title='bbox 493 1812 600 1887; x_wconf 84' lang='lat' dir='ltr'><strong>detur</strong></span> <span class='ocrx_word' id='word_1_134' title='bbox 626 1816 735 1886; x_wconf 72' lang='lat' dir='ltr'><strong>etium</strong></span> <span class='ocrx_word' id='word_1_135' title='bbox 755 1838 843 1886; x_wconf 81' lang='lat' dir='ltr'><strong>sano</strong></span> <span class='ocrx_word' id='word_1_136' title='bbox 859 1811 1001 1886; x_wconf 83' lang='lat' dir='ltr'><strong>ablutio</strong></span> <span class='ocrx_word' id='word_1_137' title='bbox 1022 1835 1127 1910; x_wconf 79' lang='lat' dir='ltr'><strong>oquae</strong></span> <span class='ocrx_word' id='word_1_138' title='bbox 1143 1865 1152 1897; x_wconf 83' lang='lat'><strong>‚</strong></span> <span class='ocrx_word' id='word_1_139' title='bbox 1171 1821 1237 1880; x_wconf 85' lang='lat' dir='ltr'><strong>aut</strong></span> 
     </span>
     <span class='ocr_line' id='line_1_18' title="bbox 145 1911 1237 2011; baseline 0.001 -33"><span class='ocrx_word' id='word_1_140' title='bbox 145 1912 247 1992; x_wconf 83' lang='lat' dir='ltr'><strong>vini,</strong></span> <span class='ocrx_word' id='word_1_141' title='bbox 277 1928 319 1983; x_wconf 90' lang='lat' dir='ltr'><strong>ut</strong></span> <span class='ocrx_word' id='word_1_142' title='bbox 336 1913 451 2011; x_wconf 82' lang='lat' dir='ltr'><strong>possit</strong></span> <span class='ocrx_word' id='word_1_143' title='bbox 473 1913 655 2011; x_wconf 84' lang='lat' dir='ltr'><strong>deglutire</strong></span> <span class='ocrx_word' id='word_1_144' title='bbox 683 1911 873 2008; x_wconf 83' lang='lat' dir='ltr'><strong>partieuloe</strong></span> <span class='ocrx_word' id='word_1_145' title='bbox 900 1911 1131 2010; x_wconf 81' lang='lat' dir='ltr'><strong>fragmenta,</strong></span> <span class='ocrx_word' id='word_1_146' title='bbox 1150 1930 1237 2008; x_wconf 80' lang='lat' dir='ltr'><strong>quoe</strong></span> 
     </span>
     <span class='ocr_line' id='line_1_19' title="bbox 110 2006 1233 2100; baseline -0.002 -20"><span class='ocrx_word' id='word_1_147' title='bbox 110 2073 115 2080; x_wconf 88' lang='lat'>.</span> <span class='ocrx_word' id='word_1_148' title='bbox 146 2009 201 2080; x_wconf 91' lang='lat' dir='ltr'><strong>ori</strong></span> <span class='ocrx_word' id='word_1_149' title='bbox 227 2008 422 2100; x_wconf 84' lang='lat' dir='ltr'><strong>haeseriut,</strong></span> <span class='ocrx_word' id='word_1_150' title='bbox 448 2026 489 2083; x_wconf 88' lang='lat' dir='ltr'><strong>ut</strong></span> <span class='ocrx_word' id='word_1_151' title='bbox 504 2011 615 2084; x_wconf 81' lang='lat' dir='ltr'><strong>tradit</strong></span> <span class='ocrx_word' id='word_1_152' title='bbox 632 2009 850 2084; x_wconf 85' lang='lat' dir='ltr'><strong>Benedictus</strong></span> <span class='ocrx_word' id='word_1_153' title='bbox 874 2010 978 2084; x_wconf 86' lang='lat' dir='ltr'><strong>XIV.</strong></span> <span class='ocrx_word' id='word_1_154' title='bbox 1005 2010 1051 2080; x_wconf 85' lang='lat' dir='ltr'><strong>de</strong></span> <span class='ocrx_word' id='word_1_155' title='bbox 1074 2006 1233 2080; x_wconf 75' lang='lat' dir='ltr'><strong>Sacrum.</strong></span> 
     </span>
     <span class='ocr_line' id='line_1_20' title="bbox 145 2105 1237 2207; baseline -0.005 -26"><span class='ocrx_word' id='word_1_156' title='bbox 145 2107 256 2181; x_wconf 62' lang='lat' dir='ltr'><strong>Mes.</strong></span> <span class='ocrx_word' id='word_1_157' title='bbox 271 2112 299 2178; x_wconf 69' lang='grc' dir='ltr'><strong>Ι.4</strong></span> <span class='ocrx_word' id='word_1_158' title='bbox 317 2133 337 2180; x_wconf 79' lang='lat'>2</span> <span class='ocrx_word' id='word_1_159' title='bbox 353 2135 386 2180; x_wconf 84' lang='lat' dir='ltr'><strong>c.</strong></span> <span class='ocrx_word' id='word_1_160' title='bbox 409 2134 458 2182; x_wconf 63' lang='grc' dir='ltr'><strong>η’</strong></span> <span class='ocrx_word' id='word_1_161' title='bbox 477 2110 590 2207; x_wconf 83' lang='lat' dir='ltr'><strong>irtque</strong></span> <span class='ocrx_word' id='word_1_162' title='bbox 615 2108 784 2207; x_wconf 90' lang='lat' dir='ltr'><strong>pluribus</strong></span> <span class='ocrx_word' id='word_1_163' title='bbox 811 2113 851 2183; x_wconf 87' lang='lat' dir='ltr'><strong>in</strong></span> <span class='ocrx_word' id='word_1_164' title='bbox 875 2110 966 2183; x_wconf 90' lang='lat' dir='ltr'><strong>loeis</strong></span> <span class='ocrx_word' id='word_1_165' title='bbox 987 2132 1067 2180; x_wconf 85' lang='lat' dir='ltr'><strong>mos</strong></span> <span class='ocrx_word' id='word_1_166' title='bbox 1093 2105 1237 2200; x_wconf 59' lang='lat' dir='ltr'><strong>heheu</strong></span> 
     </span>
     <span class='ocr_line' id='line_1_21' title="bbox 76 2203 1240 2306; baseline -0.006 -28"><span class='ocrx_word' id='word_1_167' title='bbox 76 2251 79 2256; x_wconf 77' lang='lat'><em>,</em></span> <span class='ocrx_word' id='word_1_168' title='bbox 145 2203 192 2278; x_wconf 77' lang='lat' dir='ltr'><strong>ed</strong></span> <span class='ocrx_word' id='word_1_169' title='bbox 211 2205 337 2306; x_wconf 84' lang='lat' dir='ltr'><strong>quod,</strong></span> <span class='ocrx_word' id='word_1_170' title='bbox 358 2220 398 2279; x_wconf 88' lang='lat' dir='ltr'><strong>ut</strong></span> <span class='ocrx_word' id='word_1_171' title='bbox 415 2209 667 2281; x_wconf 86' lang='lat' dir='ltr'><strong>communiter·</strong></span> <span class='ocrx_word' id='word_1_172' title='bbox 683 2207 820 2283; x_wconf 86' lang='lat' dir='ltr'><strong>docent</strong></span> <span class='ocrx_word' id='word_1_173' title='bbox 838 2208 936 2306; x_wconf 68' lang='lat' dir='ltr'><strong>Lego</strong></span> <span class='ocrx_word' id='word_1_174' title='bbox 953 2208 990 2278; x_wconf 87' lang='lat' dir='ltr'><strong>d.</strong></span> <span class='ocrx_word' id='word_1_175' title='bbox 1018 2206 1112 2279; x_wconf 74' lang='lat'><strong><em>1571.</em></strong></span> <span class='ocrx_word' id='word_1_176' title='bbox 1138 2221 1187 2303; x_wconf 80' lang='lat'><strong>79</strong></span> <span class='ocrx_word' id='word_1_177' title='bbox 1202 2214 1240 2272; x_wconf 80' lang='lat' dir='ltr'><strong>et</strong></span> 
     </span>
     <span class='ocr_line' id='line_1_22' title="bbox 147 2298 1237 2403; baseline 0.006 -28"><span class='ocrx_word' id='word_1_178' title='bbox 147 2301 211 2375; x_wconf 82' lang='lat'><strong>83.</strong></span> <span class='ocrx_word' id='word_1_179' title='bbox 230 2306 358 2400; x_wconf 75' lang='lat' dir='ltr'><strong>Padp.</strong></span> <span class='ocrx_word' id='word_1_180' title='bbox 382 2306 422 2378; x_wconf 76' lang='lat'><strong>13</strong></span> <span class='ocrx_word' id='word_1_181' title='bbox 440 2332 476 2378; x_wconf 86' lang='lat' dir='ltr'><strong>n.</strong></span> <span class='ocrx_word' id='word_1_182' title='bbox 498 2332 555 2379; x_wconf 77' lang='lat' dir='ltr'><strong>nr.</strong></span> <span class='ocrx_word' id='word_1_183' title='bbox 574 2309 721 2380; x_wconf 78' lang='lat' dir='ltr'><strong>Hulzm.</strong></span> <span class='ocrx_word' id='word_1_184' title='bbox 739 2322 765 2380; x_wconf 86' lang='lat' dir='ltr'><strong>t.</strong></span> <span class='ocrx_word' id='word_1_185' title='bbox 789 2334 799 2378; x_wconf 89' lang='lat' dir='ltr'><strong>t</strong></span> <span class='ocrx_word' id='word_1_186' title='bbox 816 2307 992 2401; x_wconf 83' lang='lat' dir='ltr'><strong>p.351n.</strong></span> <span class='ocrx_word' id='word_1_187' title='bbox 1012 2305 1070 2403; x_wconf 86' lang='lat'><strong>75.</strong></span> <span class='ocrx_word' id='word_1_188' title='bbox 1084 2305 1193 2374; x_wconf 76' lang='lat' dir='ltr'><strong>oron</strong></span> <span class='ocrx_word' id='word_1_189' title='bbox 1208 2298 1237 2380; x_wconf 61' lang='lat' dir='ltr'><strong>lo</strong></span> 
     </span>
     <span class='ocr_line' id='line_1_23' title="bbox 90 2397 1276 2502; baseline -0.003 -28"><span class='ocrx_word' id='word_1_190' title='bbox 90 2475 95 2502; x_wconf 27' lang='grc' dir='ltr'><em>ρ</em></span> <span class='ocrx_word' id='word_1_191' title='bbox 145 2397 172 2474; x_wconf 86' lang='lat'>6</span> <span class='ocrx_word' id='word_1_192' title='bbox 179 2427 217 2495; x_wconf 78' lang='lat' dir='ltr'><strong>p.</strong></span> <span class='ocrx_word' id='word_1_193' title='bbox 243 2428 255 2474; x_wconf 88' lang='lat'>1</span> <span class='ocrx_word' id='word_1_194' title='bbox 277 2428 315 2472; x_wconf 86' lang='lat' dir='ltr'><strong>n.</strong></span> <span class='ocrx_word' id='word_1_195' title='bbox 337 2402 408 2501; x_wconf 82' lang='lat'><strong>573</strong></span> <span class='ocrx_word' id='word_1_196' title='bbox 425 2419 462 2474; x_wconf 83' lang='lat' dir='ltr'><strong>et</strong></span> <span class='ocrx_word' id='word_1_197' title='bbox 476 2402 585 2476; x_wconf 78' lang='lat' dir='ltr'><strong>Solm.</strong></span> <span class='ocrx_word' id='word_1_198' title='bbox 602 2407 626 2476; x_wconf 88' lang='lat' dir='ltr'><strong>l.</strong></span> <span class='ocrx_word' id='word_1_199' title='bbox 646 2432 679 2476; x_wconf 90' lang='lat' dir='ltr'><strong>c.</strong></span> <span class='ocrx_word' id='word_1_200' title='bbox 699 2428 778 2477; x_wconf 84' lang='lat' dir='ltr'><strong>eum</strong></span> <span class='ocrx_word' id='word_1_201' title='bbox 797 2404 900 2476; x_wconf 84' lang='lat' dir='ltr'><strong>Suar.</strong></span> <span class='ocrx_word' id='word_1_202' title='bbox 922 2405 1030 2502; x_wconf 83' lang='lat' dir='ltr'><strong>Vasq.</strong></span> <span class='ocrx_word' id='word_1_203' title='bbox 1050 2400 1209 2474; x_wconf 73' lang='lat' dir='ltr'><strong>Consiua</strong></span> <span class='ocrx_word' id='word_1_204' title='bbox 1221 2425 1237 2488; x_wconf 74' lang='lat'><strong>¹,</strong></span> <span class='ocrx_word' id='word_1_205' title='bbox 1268 2434 1276 2445; x_wconf 92' lang='lat'><strong>·</strong></span> 
     </span>
     <span class='ocr_line' id='line_1_24' title="bbox 146 2497 1239 2601; baseline 0 -30"><span class='ocrx_word' id='word_1_206' title='bbox 146 2497 274 2600; x_wconf 77' lang='lat' dir='ltr'><strong>Luym.</strong></span> <span class='ocrx_word' id='word_1_207' title='bbox 289 2516 325 2572; x_wconf 85' lang='lat' dir='ltr'><strong>et</strong></span> <span class='ocrx_word' id='word_1_208' title='bbox 334 2501 427 2574; x_wconf 85' lang='lat' dir='ltr'><strong>Bon.</strong></span> <span class='ocrx_word' id='word_1_209' title='bbox 442 2503 609 2600; x_wconf 88' lang='lat' dir='ltr'><strong>quamvis</strong></span> <span class='ocrx_word' id='word_1_210' title='bbox 624 2502 762 2575; x_wconf 88' lang='lat' dir='ltr'><strong>ablutio</strong></span> <span class='ocrx_word' id='word_1_211' title='bbox 776 2500 877 2601; x_wconf 86' lang='lat' dir='ltr'><strong>priirs</strong></span> <span class='ocrx_word' id='word_1_212' title='bbox 891 2500 1239 2599; x_wconf 75' lang='lat' dir='ltr'><strong>deglutiaturq&#39;uim</strong></span> 
     </span>
     <span class='ocr_line' id='line_1_25' title="bbox 146 2587 1238 2698; baseline -0.004 -27"><span class='ocrx_word' id='word_1_213' title='bbox 146 2587 287 2682; x_wconf 84' lang='lat' dir='ltr'><strong>ltostia,</strong></span> <span class='ocrx_word' id='word_1_214' title='bbox 304 2601 360 2672; x_wconf 84' lang='lat' dir='ltr'><strong>vel</strong></span> <span class='ocrx_word' id='word_1_215' title='bbox 381 2598 507 2676; x_wconf 76' lang='lat' dir='ltr'><strong>hostin</strong></span> <span class='ocrx_word' id='word_1_216' title='bbox 526 2601 726 2698; x_wconf 77' lang='lat' dir='ltr'><strong>fragmenta</strong></span> <span class='ocrx_word' id='word_1_217' title='bbox 743 2659 752 2690; x_wconf 84' lang='lat'>,</span> <span class='ocrx_word' id='word_1_218' title='bbox 771 2603 842 2674; x_wconf 88' lang='lat' dir='ltr'><strong>hoo</strong></span> <span class='ocrx_word' id='word_1_219' title='bbox 857 2626 933 2674; x_wconf 89' lang='lat' dir='ltr'><strong>non</strong></span> <span class='ocrx_word' id='word_1_220' title='bbox 950 2599 1069 2672; x_wconf 85' lang='lat' dir='ltr'><strong>obstet.</strong></span> <span class='ocrx_word' id='word_1_221' title='bbox 1084 2597 1238 2696; x_wconf 73' lang='lat' dir='ltr'><strong>jejunio.</strong></span> 
     </span>
     <span class='ocr_line' id='line_1_26' title="bbox 144 2696 1240 2796; baseline -0.007 -22"><span class='ocrx_word' id='word_1_222' title='bbox 144 2696 276 2783; x_wconf 77' lang='lat' dir='ltr'><strong>Ratio,</strong></span> <span class='ocrx_word' id='word_1_223' title='bbox 297 2699 546 2796; x_wconf 73' lang='lat' dir='ltr'><strong>quiaviolutio</strong></span> <span class='ocrx_word' id='word_1_224' title='bbox 563 2725 641 2772; x_wconf 87' lang='lat' dir='ltr'><strong>non</strong></span> <span class='ocrx_word' id='word_1_225' title='bbox 656 2715 828 2774; x_wconf 88' lang='lat' dir='ltr'><strong>censetur</strong></span> <span class='ocrx_word' id='word_1_226' title='bbox 848 2700 1038 2772; x_wconf 79' lang='lat' dir='ltr'><strong>moraliter</strong></span> <span class='ocrx_word' id='word_1_227' title='bbox 1059 2698 1240 2781; x_wconf 85' lang='lat' dir='ltr'><strong>Commu·</strong></span> 
     </span>
     <span class='ocr_line' id='line_1_27' title="bbox 147 2794 1242 2900; baseline -0.001 -33"><span class='ocrx_word' id='word_1_228' title='bbox 147 2797 299 2869; x_wconf 87' lang='lat' dir='ltr'><strong>nionem</strong></span> <span class='ocrx_word' id='word_1_229' title='bbox 325 2802 570 2893; x_wconf 79' lang='lat' dir='ltr'><strong>praecessisse3</strong></span> <span class='ocrx_word' id='word_1_230' title='bbox 590 2815 815 2900; x_wconf 71' lang='lat' dir='ltr'><strong>preceptum</strong></span> <span class='ocrx_word' id='word_1_231' title='bbox 835 2801 936 2871; x_wconf 88' lang='lat' dir='ltr'><strong>euim</strong></span> <span class='ocrx_word' id='word_1_232' title='bbox 952 2794 1079 2897; x_wconf 72' lang='lat' dir='ltr'><strong>jejunii</strong></span> <span class='ocrx_word' id='word_1_233' title='bbox 1098 2808 1153 2867; x_wconf 87' lang='lat' dir='ltr'><strong>est</strong></span> <span class='ocrx_word' id='word_1_234' title='bbox 1171 2850 1180 2883; x_wconf 89' lang='lat'>,</span> <span class='ocrx_word' id='word_1_235' title='bbox 1199 2806 1242 2867; x_wconf 91' lang='lat' dir='ltr'><strong>ut</strong></span> 
     </span>
     <span class='ocr_line' id='line_1_28' title="bbox 146 2890 1241 2995; baseline 0.002 -31"><span class='ocrx_word' id='word_1_236' title='bbox 146 2892 232 2966; x_wconf 73' lang='lat' dir='ltr'><strong>aitte</strong></span> <span class='ocrx_word' id='word_1_237' title='bbox 245 2895 489 2995; x_wconf 49' lang='lat' dir='ltr'><strong>liucharistioe</strong></span> <span class='ocrx_word' id='word_1_238' title='bbox 504 2903 753 2994; x_wconf 83' lang='lat' dir='ltr'><strong>sumptionem</strong></span> <span class='ocrx_word' id='word_1_239' title='bbox 767 2896 862 2970; x_wconf 85' lang='lat' dir='ltr'><strong>nihil</strong></span> <span class='ocrx_word' id='word_1_240' title='bbox 880 2912 1047 2971; x_wconf 85' lang='lat' dir='ltr'><strong>sumatur</strong></span> <span class='ocrx_word' id='word_1_241' title='bbox 1063 2918 1074 2984; x_wconf 87' lang='lat'><strong>;</strong></span> <span class='ocrx_word' id='word_1_242' title='bbox 1088 2890 1241 2994; x_wconf 69' lang='lat' dir='ltr'><strong>quande</strong></span> 
     </span>
     <span class='ocr_line' id='line_1_29' title="bbox 148 2991 1243 3081; baseline 0.003 -19"><span class='ocrx_word' id='word_1_243' title='bbox 148 3004 271 3063; x_wconf 89' lang='lat' dir='ltr'><strong>autem</strong></span> <span class='ocrx_word' id='word_1_244' title='bbox 314 2996 388 3065; x_wconf 71' lang='lat' dir='ltr'><strong>und</strong></span> <span class='ocrx_word' id='word_1_245' title='bbox 433 3021 519 3069; x_wconf 88' lang='lat' dir='ltr'><strong>curn</strong></span> <span class='ocrx_word' id='word_1_246' title='bbox 558 2996 750 3068; x_wconf 86' lang='lat' dir='ltr'><strong>ablutione</strong></span> <span class='ocrx_word' id='word_1_247' title='bbox 788 2998 947 3069; x_wconf 85' lang='lat' dir='ltr'><strong>sumitur</strong></span> <span class='ocrx_word' id='word_1_248' title='bbox 969 2991 1243 3081; x_wconf 65' lang='lat' dir='ltr'><strong>Eucherium,</strong></span> 
     </span>
     <span class='ocr_line' id='line_1_30' title="bbox 147 3092 1244 3194; baseline 0.005 -32"><span class='ocrx_word' id='word_1_249' title='bbox 147 3103 240 3162; x_wconf 82' lang='lat' dir='ltr'><strong>tutte</strong></span> <span class='ocrx_word' id='word_1_250' title='bbox 258 3104 377 3164; x_wconf 85' lang='lat' dir='ltr'><strong>toturn</strong></span> <span class='ocrx_word' id='word_1_251' title='bbox 401 3092 496 3167; x_wconf 91' lang='lat' dir='ltr'><strong>illud</strong></span> <span class='ocrx_word' id='word_1_252' title='bbox 517 3121 560 3168; x_wconf 83' lang='lat' dir='ltr'><strong>ex</strong></span> <span class='ocrx_word' id='word_1_253' title='bbox 580 3093 794 3182; x_wconf 81' lang='lat' dir='ltr'><strong>ablutione,</strong></span> <span class='ocrx_word' id='word_1_254' title='bbox 814 3109 851 3166; x_wconf 90' lang='lat' dir='ltr'><strong>et</strong></span> <span class='ocrx_word' id='word_1_255' title='bbox 874 3092 1065 3194; x_wconf 75' lang='lat' dir='ltr'><strong>particulis</strong></span> <span class='ocrx_word' id='word_1_256' title='bbox 1084 3096 1244 3168; x_wconf 86' lang='lat' dir='ltr'><strong>sumitur</strong></span> 
     </span>
     <span class='ocr_line' id='line_1_31' title="bbox 147 3188 1243 3287; baseline 0.003 -25"><span class='ocrx_word' id='word_1_257' title='bbox 147 3188 260 3262; x_wconf 65' lang='lat' dir='ltr'><strong>unice</strong></span> <span class='ocrx_word' id='word_1_258' title='bbox 278 3193 510 3287; x_wconf 88' lang='lat' dir='ltr'><strong>sumptione,</strong></span> <span class='ocrx_word' id='word_1_259' title='bbox 535 3191 634 3265; x_wconf 76' lang='lat' dir='ltr'><strong>unde</strong></span> <span class='ocrx_word' id='word_1_260' title='bbox 655 3193 752 3266; x_wconf 72' lang='lat' dir='ltr'><strong>bene</strong></span> <span class='ocrx_word' id='word_1_261' title='bbox 764 3196 988 3279; x_wconf 85' lang='lat' dir='ltr'><strong>verificatur,</strong></span> <span class='ocrx_word' id='word_1_262' title='bbox 1006 3192 1243 3266; x_wconf 85' lang='lat' dir='ltr'><strong>violationem</strong></span> 
     </span>
     <span class='ocr_line' id='line_1_32' title="bbox 149 3289 1252 3461; baseline 0.004 -102"><span class='ocrx_word' id='word_1_263' title='bbox 149 3289 282 3461; x_wconf 40' lang='lat' dir='ltr'><strong>{ejunii</strong></span> <span class='ocrx_word' id='word_1_264' title='bbox 296 3289 603 3365; x_wconf 88' lang='lat' dir='ltr'><strong>Communionem</strong></span> <span class='ocrx_word' id='word_1_265' title='bbox 619 3318 693 3365; x_wconf 88' lang='lat' dir='ltr'><strong>nou</strong></span> <span class='ocrx_word' id='word_1_266' title='bbox 710 3296 951 3389; x_wconf 68' lang='lat' dir='ltr'><strong>precessisse.</strong></span> <span class='ocrx_word' id='word_1_267' title='bbox 966 3295 1014 3366; x_wconf 89' lang='lat' dir='ltr'><strong>Et</strong></span> <span class='ocrx_word' id='word_1_268' title='bbox 1031 3290 1116 3364; x_wconf 82' lang='lat' dir='ltr'><strong>ided</strong></span> <span class='ocrx_word' id='word_1_269' title='bbox 1130 3295 1166 3363; x_wconf 90' lang='lat' dir='ltr'><strong>iu</strong></span> <span class='ocrx_word' id='word_1_270' title='bbox 1182 3292 1252 3363; x_wconf 88' lang='lat' dir='ltr'><strong>die·</strong></span> 
     </span>
    </p>

    <p class='ocr_par' dir='ltr' id='par_1_6' title="bbox 150 3390 1246 4083">
     <span class='ocr_line' id='line_1_33' title="bbox 182 3390 1245 3474; baseline 0.006 -17"><span class='ocrx_word' id='word_1_271' title='bbox 182 3411 365 3460; x_wconf 75' lang='lat' dir='ltr'><strong>aresceres</strong></span> <span class='ocrx_word' id='word_1_272' title='bbox 383 3392 541 3463; x_wconf 88' lang='lat' dir='ltr'><strong>instituit</strong></span> <span class='ocrx_word' id='word_1_273' title='bbox 564 3390 754 3474; x_wconf 81' lang='lat' dir='ltr'><strong>Ecclesia,</strong></span> <span class='ocrx_word' id='word_1_274' title='bbox 774 3407 815 3464; x_wconf 89' lang='lat' dir='ltr'><strong>ut</strong></span> <span class='ocrx_word' id='word_1_275' title='bbox 837 3391 949 3464; x_wconf 79' lang='lat' dir='ltr'><strong>simul</strong></span> <span class='ocrx_word' id='word_1_276' title='bbox 968 3415 1055 3463; x_wconf 85' lang='lat' dir='ltr'><strong>cum</strong></span> <span class='ocrx_word' id='word_1_277' title='bbox 1076 3392 1161 3463; x_wconf 86' lang='lat' dir='ltr'><strong>vino</strong></span> <span class='ocrx_word' id='word_1_278' title='bbox 1177 3417 1245 3465; x_wconf 88' lang='lat' dir='ltr'><strong>su·</strong></span> 
     </span>
     <span class='ocr_line' id='line_1_34' title="bbox 150 3489 1245 3590; baseline 0.004 -31"><span class='ocrx_word' id='word_1_279' title='bbox 150 3502 274 3560; x_wconf 87' lang='lat' dir='ltr'><strong>matur</strong></span> <span class='ocrx_word' id='word_1_280' title='bbox 289 3489 470 3586; x_wconf 84' lang='lat' dir='ltr'><strong>particula</strong></span> <span class='ocrx_word' id='word_1_281' title='bbox 494 3505 704 3565; x_wconf 85' lang='lat' dir='ltr'><strong>consecrata</strong></span> <span class='ocrx_word' id='word_1_282' title='bbox 728 3491 765 3562; x_wconf 90' lang='lat' dir='ltr'><strong>in</strong></span> <span class='ocrx_word' id='word_1_283' title='bbox 785 3490 846 3563; x_wconf 90' lang='lat' dir='ltr'><strong>die</strong></span> <span class='ocrx_word' id='word_1_284' title='bbox 865 3490 1088 3589; x_wconf 85' lang='lat' dir='ltr'><strong>praecedenti</strong></span> <span class='ocrx_word' id='word_1_285' title='bbox 1104 3516 1113 3575; x_wconf 90' lang='grc'>;</span> <span class='ocrx_word' id='word_1_286' title='bbox 1132 3505 1245 3590; x_wconf 79' lang='lat' dir='ltr'><strong>etque</strong></span> 
     </span>
     <span class='ocr_line' id='line_1_35' title="bbox 151 3584 1245 3689; baseline 0.003 -32"><span class='ocrx_word' id='word_1_287' title='bbox 151 3584 323 3658; x_wconf 73' lang='lat' dir='ltr'><strong>in&#39;llubr.</strong></span> <span class='ocrx_word' id='word_1_288' title='bbox 339 3585 472 3661; x_wconf 85' lang='lat' dir='ltr'><strong>Missel.</strong></span> <span class='ocrx_word' id='word_1_289' title='bbox 490 3606 512 3660; x_wconf 87' lang='lat' dir='ltr'><strong>t.</strong></span> <span class='ocrx_word' id='word_1_290' title='bbox 537 3614 579 3661; x_wconf 86' lang='lat' dir='ltr'><strong>to</strong></span> <span class='ocrx_word' id='word_1_291' title='bbox 593 3615 628 3662; x_wconf 82' lang='lat' dir='ltr'><strong>n.</strong></span> <span class='ocrx_word' id='word_1_292' title='bbox 648 3594 671 3662; x_wconf 90' lang='lat'>8</span> <span class='ocrx_word' id='word_1_293' title='bbox 689 3588 846 3674; x_wconf 88' lang='lat' dir='ltr'><strong>dicitur,</strong></span> <span class='ocrx_word' id='word_1_294' title='bbox 865 3591 893 3662; x_wconf 87' lang='lat' dir='ltr'><strong>si</strong></span> <span class='ocrx_word' id='word_1_295' title='bbox 909 3588 1089 3689; x_wconf 87' lang='lat' dir='ltr'><strong>particula</strong></span> <span class='ocrx_word' id='word_1_296' title='bbox 1106 3587 1245 3662; x_wconf 73' lang='lat' dir='ltr'><strong>hereat</strong></span> 
     </span>
     <span class='ocr_line' id='line_1_36' title="bbox 152 3679 1245 3786; baseline 0.001 -29"><span class='ocrx_word' id='word_1_297' title='bbox 152 3679 285 3768; x_wconf 79' lang='lat' dir='ltr'><strong>calici,</strong></span> <span class='ocrx_word' id='word_1_298' title='bbox 309 3707 416 3786; x_wconf 83' lang='lat' dir='ltr'><strong>posse</strong></span> <span class='ocrx_word' id='word_1_299' title='bbox 440 3691 568 3760; x_wconf 85' lang='lat' dir='ltr'><strong>vinum</strong></span> <span class='ocrx_word' id='word_1_300' title='bbox 587 3688 761 3773; x_wconf 81' lang='lat' dir='ltr'><strong>infundi,</strong></span> <span class='ocrx_word' id='word_1_301' title='bbox 780 3705 816 3760; x_wconf 88' lang='lat' dir='ltr'><strong>et</strong></span> <span class='ocrx_word' id='word_1_302' title='bbox 836 3714 916 3762; x_wconf 87' lang='lat' dir='ltr'><strong>eam</strong></span> <span class='ocrx_word' id='word_1_303' title='bbox 934 3689 1028 3761; x_wconf 86' lang='lat' dir='ltr'><strong>sumi</strong></span> <span class='ocrx_word' id='word_1_304' title='bbox 1044 3713 1053 3780; x_wconf 80' lang='lat'>3</span> <span class='ocrx_word' id='word_1_305' title='bbox 1078 3687 1245 3762; x_wconf 85' lang='lat' dir='ltr'><strong>addunt·</strong></span> 
     </span>
     <span class='ocr_line' id='line_1_37' title="bbox 153 3783 1243 3887; baseline 0.003 -31"><span class='ocrx_word' id='word_1_306' title='bbox 153 3783 227 3882; x_wconf 83' lang='lat' dir='ltr'><strong>que</strong></span> <span class='ocrx_word' id='word_1_307' title='bbox 243 3783 342 3882; x_wconf 71' lang='lat' dir='ltr'><strong>Lego</strong></span> <span class='ocrx_word' id='word_1_308' title='bbox 355 3810 391 3857; x_wconf 83' lang='lat' dir='ltr'><strong>n.</strong></span> <span class='ocrx_word' id='word_1_309' title='bbox 410 3789 456 3861; x_wconf 80' lang='lat'><strong>83</strong></span> <span class='ocrx_word' id='word_1_310' title='bbox 473 3784 626 3860; x_wconf 77' lang='lat' dir='ltr'><strong>etsatm.</strong></span> <span class='ocrx_word' id='word_1_311' title='bbox 643 3814 672 3858; x_wconf 86' lang='lat' dir='ltr'><strong>c.</strong></span> <span class='ocrx_word' id='word_1_312' title='bbox 689 3814 709 3885; x_wconf 82' lang='lat'><strong>7</strong></span> <span class='ocrx_word' id='word_1_313' title='bbox 728 3813 764 3860; x_wconf 81' lang='lat' dir='ltr'><strong>n.</strong></span> <span class='ocrx_word' id='word_1_314' title='bbox 781 3791 822 3860; x_wconf 77' lang='lat'><strong>81</strong></span> <span class='ocrx_word' id='word_1_315' title='bbox 841 3812 948 3887; x_wconf 82' lang='lat' dir='ltr'><strong>posse</strong></span> <span class='ocrx_word' id='word_1_316' title='bbox 962 3786 1097 3861; x_wconf 76' lang='lat' dir='ltr'><strong>iterium</strong></span> <span class='ocrx_word' id='word_1_317' title='bbox 1116 3791 1243 3860; x_wconf 79' lang='lat' dir='ltr'><strong>vinum</strong></span> 
     </span>
     <span class='ocr_line' id='line_1_38' title="bbox 153 3881 1246 3985; baseline 0.003 -30"><span class='ocrx_word' id='word_1_318' title='bbox 153 3881 327 3971; x_wconf 82' lang='lat' dir='ltr'><strong>infundi,</strong></span> <span class='ocrx_word' id='word_1_319' title='bbox 349 3910 465 3985; x_wconf 86' lang='lat' dir='ltr'><strong>usque</strong></span> <span class='ocrx_word' id='word_1_320' title='bbox 492 3885 582 3960; x_wconf 89' lang='lat' dir='ltr'><strong>dum</strong></span> <span class='ocrx_word' id='word_1_321' title='bbox 610 3886 796 3959; x_wconf 82' lang='lat' dir='ltr'><strong>Particula</strong></span> <span class='ocrx_word' id='word_1_322' title='bbox 819 3901 996 3960; x_wconf 84' lang='lat' dir='ltr'><strong>sumatur.</strong></span> <span class='ocrx_word' id='word_1_323' title='bbox 1026 3889 1082 3960; x_wconf 82' lang='lat' dir='ltr'><strong>Ex</strong></span> <span class='ocrx_word' id='word_1_324' title='bbox 1110 3884 1246 3985; x_wconf 83' lang='lat' dir='ltr'><strong>quibus</strong></span> 
     </span>
     <span class='ocr_line' id='line_1_39' title="bbox 153 3979 1246 4083; baseline 0.004 -30"><span class='ocrx_word' id='word_1_325' title='bbox 153 3981 328 4055; x_wconf 82' lang='lat' dir='ltr'><strong>omnibus</strong></span> <span class='ocrx_word' id='word_1_326' title='bbox 346 3979 444 4080; x_wconf 71' lang='lat' dir='ltr'><strong>Lugo</strong></span> <span class='ocrx_word' id='word_1_327' title='bbox 462 3989 498 4057; x_wconf 78' lang='lat' dir='ltr'><strong>d.</strong></span> <span class='ocrx_word' id='word_1_328' title='bbox 523 4012 560 4057; x_wconf 85' lang='lat' dir='ltr'><strong>n.</strong></span> <span class='ocrx_word' id='word_1_329' title='bbox 587 4007 634 4083; x_wconf 76' lang='lat'><strong>79</strong></span> <span class='ocrx_word' id='word_1_330' title='bbox 654 4001 756 4060; x_wconf 73' lang='lat' dir='ltr'><strong>vocet</strong></span> <span class='ocrx_word' id='word_1_331' title='bbox 774 3983 902 4057; x_wconf 85' lang='lat' dir='ltr'><strong>falsam</strong></span> <span class='ocrx_word' id='word_1_332' title='bbox 922 3986 1136 4083; x_wconf 90' lang='lat' dir='ltr'><strong>opinionem</strong></span> <span class='ocrx_word' id='word_1_333' title='bbox 1153 3982 1246 4057; x_wconf 89' lang='lat' dir='ltr'><strong>illo·-</strong></span> 
     </span>
    </p>
   </div>
   <div class='ocr_carea' id='block_1_5' title="bbox 154 4082 1246 4187">
    <p class='ocr_par' dir='ltr' id='par_1_7' title="bbox 154 4082 1246 4187">
     <span class='ocr_line' id='line_1_40' title="bbox 154 4082 1246 4187; baseline -0.001 -31"><span class='ocrx_word' id='word_1_334' title='bbox 154 4103 263 4172; x_wconf 74' lang='lat' dir='ltr'><strong>rum,</strong></span> <span class='ocrx_word' id='word_1_335' title='bbox 286 4082 354 4181; x_wconf 78' lang='lat' dir='ltr'><strong>qui</strong></span> <span class='ocrx_word' id='word_1_336' title='bbox 377 4082 527 4177; x_wconf 49' lang='lat' dir='ltr'><strong>dicenti</strong></span> <span class='ocrx_word' id='word_1_337' title='bbox 542 4083 757 4183; x_wconf 75' lang='lat' dir='ltr'><strong>hujusmodi</strong></span> <span class='ocrx_word' id='word_1_338' title='bbox 774 4084 984 4187; x_wconf 82' lang='lat' dir='ltr'><strong>sumptione</strong></span> <span class='ocrx_word' id='word_1_339' title='bbox 1008 4084 1124 4184; x_wconf 70' lang='lat' dir='ltr'><strong>frangi</strong></span> <span class='ocrx_word' id='word_1_340' title='bbox 1147 4087 1246 4184; x_wconf 62' lang='lat' dir='ltr'><strong>jeju&lt;-</strong></span> 
     </span>
    </p>
   </div>
   <div class='ocr_carea' id='block_1_6' title="bbox 0 0 1466 4684">
    <p class='ocr_par' dir='ltr' id='par_1_8' title="bbox 0 0 1466 4684">
     <span class='ocr_line' id='line_1_41' title="bbox 0 0 1466 4684; baseline 0 0"><span class='ocrx_word' id='word_1_341' title='bbox 0 0 1466 4684; x_wconf 95' lang='lat' dir='ltr'><strong> </strong></span> 
     </span>
    </p>
   </div>
  </div>
 </body>
</html>
