2884 4684
274 262 340 337 spo
486 231 1130 320 tim.v1.trsu.u1.nesuchansm.
1396 339 1399 344 ι

275 385 314 434 ιι.
341 359 439 455 148).
459 357 541 432 duta
559 381 624 460 per
642 360 901 436 Tridentinum
922 375 1008 436 sess.
1027 366 1072 439 25
1087 390 1119 438 c.
1138 364 1176 457 4.
1194 363 1356 464 Episco-

277 460 355 555 pis‚
373 471 410 530 et
426 457 506 531 aliis
522 515 532 545 ‚
549 456 694 531 tuntum
718 459 874 559 iuitpro
893 458 1113 535 reducendis
1133 463 1252 536 Missis
1268 449 1356 538 anti

274 556 485 630 Concilium
501 555 654 645 relictis,
675 570 803 646 etuon
823 560 1002 656 impositis
1018 562 1056 632 in
1072 555 1357 634 limine-sunda-

275 657 396 728 tionis.
416 642 636 728 Ecouverso
654 655 693 727 in
708 656 867 755 ipsomet
886 649 1045 731 Iie'creto'
1063 657 1205 732 Urbani
1230 655 1357 760 (apud

276 753 384 826 Croir
402 777 440 824 n.
459 754 519 849 89.
531 757 548 848 )
561 751 791 826 deciaratum
814 753 895 845 fuit,
912 753 1007 829 bene
1032 780 1137 856 posse
1152 755 1356 859 Episcopus

275 850 451 1022 pedulcore
469 854 607 940 Missas,
617 852 647 924 si
660 866 810 926 testator
822 853 989 953 expressd
1003 853 1100 928 hauc
1111 854 1199 955 ipsis
1213 850 1358 929 dederit

291 975 358 1021 scu
381 961 500 1023 tutem.

323 1047 452 1120 Causae
466 1064 585 1122 cutem
600 1105 609 1135 ,
626 1047 675 1123 ob
695 1073 786 1146 quus
802 1046 911 1123 Sedes
932 1049 1141 1151 Apostolica
1159 1049 1254 1124 solet
1274 1048 1358 1125 Mis·

275 1167 331 1218 sas
361 1145 563 1237 reducere,
594 1159 680 1221 sunt
706 1151 869 1247 paucitas
892 1148 1126 1223 Sacerdotem
1142 1157 1157 1239 ’,
1180 1148 1354 1249 stipendii
1385 1201 1394 1210 ι

275 1243 452 1330 tenuitas,
467 1246 523 1318 vei
538 1261 774 1344 augmentum
791 1245 963 1342 stipendii
976 1249 1173 1334 currentis,
1184 1261 1368 1322 extenua·‘

274 1341 327 1414 tio
347 1340 529 1418 redituum
545 1345 775 1429 Monosterii‚
798 1344 857 1418 vei
879 1349 1089 1444 mojoresex
1117 1371 1211 1419 ensae
1227 1371 1355 1421 neces·

273 1442 378 1513 sarire
404 1439 451 1513 ad
477 1444 633 1525 victum,
661 1458 729 1516 etc.
756 1441 917 1542 deniqui
945 1444 976 1516 si
1006 1471 1072 1542 urg
1117 1457 1132 1517 t
1160 1444 1354 1518 ntcmsitar

274 1535 465 1630 Fratrum,
493 1541 546 1614 vei
575 1539 720 1616 iubricae
746 1537 938 1630 Ecclesiae,
966 1559 1028 1616 aut
1047 1544 1281 1633 Monasterii3
1304 1543 1355 1615 iu

275 1635 355 1710 Psi.
376 1653 465 1731 part.
489 1641 529 1730 15
546 1664 585 1715 n.
603 1643 638 1714 3.
652 1639 833 1735 Wigandt
848 1654 889 1713 tr.
915 1666 955 1713 rs
971 1667 1009 1715 n.
1027 1644 1086 1713 80.
1102 1656 1141 1714 et
1151 1639 1262 1713 Sslm.
1278 1641 1305 1714 Ι.
1318 1664 1356 1715 c.

276 1760 315 1808 n.
340 1737 418 1829 144.
437 1763 523 1810 cum
538 1741 643 1812 Azor.
659 1738 798 1813 Philib.
816 1737 974 1812 Borbosa
986 1795 995 1827 ‚
1009 1741 1090 1811 Len.
1105 1754 1141 1813 et
1154 1738 1247 1812 aliis.

325 1832 522 1908 Dubitstur
543 1863 574 1910 ι.
589 1837 647 1910 An
663 1839 871 1936 Episcopus
889 1838 1005 1952 possit
1019 1837 1185 1944 minuere
1202 1836 1354 1926 Missus,

269 1932 1354 2134 tttttttt’ffitttitttittttiutifittitt

275 2125 349 2200 Sed
371 2128 580 2227 negandum
600 2155 687 2204 curn
706 2133 748 2205 P.
774 2131 888 2205 Cone.
909 2153 954 2203 es
973 2133 1129 2206 Decreto
1147 2132 1183 2204 S.
1200 2132 1243 2204 C.
1266 2152 1359 2204 mox

277 2228 389 2322 supri
407 2226 603 2313 citst0,ubi
624 2228 843 2320 declaratur,
864 2226 971 2302 nullo
988 2226 1097 2304 modo'
1118 2231 1224 2330 pos‘se
1240 2225 1355 2328 Epis·

149 2349 154 2356 ·
277 2348 388 2423 copus
402 2349 511 2398 onere
525 2326 717 2399 Missurum
736 2325 931 2416 reducere,
944 2327 1001 2401 vei
1020 2327 1201 2401 moderari
1215 2352 1226 2416 ;
1241 2325 1354 2425 idque

277 2421 479 2519 expressius
514 2423 709 2498 declaravit
742 2424 871 2498 eadem
898 2427 936 2501 S'.
974 2426 1017 2514 Ο,
1058 2425 1129 2499 ulio
1159 2428 1316 2500 Decreto
1340 2479 1353 2514 ,

278 2518 380 2614 quod
395 2518 505 2595 rcicrt
518 2521 632 2597 Couc.
648 2522 674 2597 i.
695 2523 757 2596 cit.
778 2520 911 2596 iterium
931 2525 1148 2598 continuato
1170 2550 1235 2624 per
1251 2519 1355 2595 siiud

275 2618 480 2696 Decretum·
497 2620 635 2694 editum
654 2619 713 2694 die
732 2646 778 2696 so
798 2618 879 2720 julii
899 2621 1002 2698 1682.
1018 2621 1090 2697 Sed
1113 2620 1186 2714 hoc
1211 2618 1353 2695 iutelli-

241 2801 246 2810 ¹
279 2715 441 2812 gendum
461 2718 677 2818 procedere,
696 2721 746 2792 sit
766 2718 963 2818 Fagnsnu's
984 2719 1021 2792 in
1037 2739 1068 2793 c.
1087 2717 1154 2792 Er·
1164 2735 1288 2816 parre,
1305 2716 1355 2792 dc

277 2814 432 2888 Constit.
453 2843 488 2891 u.
508 2817 565 2890 28.
585 2819 671 2891 cum'
683 2815 832 2904 Felino,
849 2813 999 2917 qucudd
1013 2823 1119 2893 sutci
1137 2814 1353 2917 hujusmodi

279 2937 391 2986 onera
411 2915 604 3008 Missurum
621 2917 667 2990 de
684 2921 766 3014 jure
782 2915 840 2988 vel
858 2917 905 2988 de
922 2915 1018 2990 facto
1034 2914 1229 3016 adimpleri
1247 2928 1357 3015 pote·

276 3026 382 3096 rant,
399 3009 465 3084 sed
489 3038 597 3104 casu,
613 3012 843 3115 quoreditus
859 3017 879 3086 i
897 3015 1082 3116 principio
1102 3014 1237 3088 suerint
1255 3011 1357 3086 suffi-

278 3110 434 3196 cientes,
451 3124 487 3183 et
532 3117 628 3185 ostei
657 3117 706 3186 iu
733 3114 1018 3199 imminuuntur,
1039 3126 1081 3186 ut
1105 3111 1210 3204 nulio
1240 3110 1356 3186 modo

250 3197 253 3204 ¹
277 3204 462 3280 sufficiunt
481 3140 530 3280 ad
544 3235 655 3284 onera
669 3207 841 3302 ίόκιιιάι,Υ
862 3223 950 3284 tunc
969 3208 1059 3283 dicit
1069 3207 1260 3312 Fagnunus
1277 3227 1356 3282 nou

276 3302 393 3378 rideri
412 3303 591 3381 sublatam
616 3310 810 3408 Episcopis
835 3308 1068 3397 fucultatem,
1088 3334 1200 3410 quum
1216 3303 1356 3380 habeut

278 3402 326 3477 de
337 3407 417 3504 jure
428 3406 625 3498 communi,
639 3407 766 3480 Missus
778 3403 1005 3496 moderandi,
1018 3406 1075 3481 rel
1089 3403 1355 3495 commutandi,

278 3526 323 3576 ex
336 3528 367 3574 c.
382 3500 464 3574 Nos
476 3504 613 3603 quidem
625 3560 635 3593 ‚
647 3505 691 3578 de
705 3505 860 3583 Testem.
878 3518 915 3579 et
930 3531 973 3579 ex
988 3504 1091 3580 Trid.
1106 3528 1194 3580 sess.
1208 3504 1254 3577 25
1269 3528 1303 3577 c.
1317 3505 1356 3595 4.

283 3602 355 3674 et8
370 3596 433 3678 ubi
447 3602 662 3678 conceditur
673 3603 924 3704 E'piscopis‚ut
944 3600 1017 3676 unu
1035 3629 1121 3677 cum
1134 3600 1281 3676 h'oerede
1297 3598 1356 3673 rei

279 3703 471 3794 credutore
498 3701 638 3797 possint
659 3703 809 3777 ultimas
831 3701 1039 3778 voluntates
1057 3705 1096 3779 iu
1117 3700 1233 3778 alium
1251 3701 1357 3802 pium

277 3822 386 3874 usum
401 3815 636 3874 commutare.

289 3923 292 3930 ⁴
327 3894 526 3970 Dubitatur
546 3924 580 3972 2.
600 3901 659 3973 An
677 3899 794 3999 possit
818 3897 1050 3999 Capelianus
1067 3925 1110 3975 ex
1130 3907 1168 3973 'se
1188 3895 1357 3970 minuere

280 4017 475 4068 numerum
490 3995 700 4078 Missurum,
717 3999 747 4070 si
760 3998 933 4073 deficiunt
948 4000 1086 4073 reditus
1100 3999 1116 4070 ἲ
1132 4001 1170 4086 Si
1184 3992 1358 4068 deficiant

275 4091 446 4196 intutum
456 4094 535 4170 siue
547 4093 660 4212 ipsius
670 4095 796 4201 culpa,
811 4109 953 4175 certum
969 4111 1034 4198 cst,
1050 4122 1135 4175 eum
1147 4119 1226 4176 uon
1241 4089 1357 4167 tenisi
