2884 4684
224 372 227 381 y
272 267 336 375 37·
377 274 449 352 Lib.
461 280 522 350 rt.
538 278 647 351 ran.
664 272 724 352 IV.
742 282 793 350 De
809 283 1011 350 Sacramenta
1031 280 1239 350 Poenitentiae.

268 396 351 468 tatis
366 449 376 479 ,
389 408 426 466 et
441 392 567 479 officii,
582 393 613 465 ai
636 391 776 466 debitas
799 391 971 465 adhibeat
995 396 1182 467 cautiones
1202 391 1339 491 piarum

270 493 549 588 cogitationum,
570 516 741 590 precum,
757 491 1022 590 protestationis
1037 490 1083 564 de
1096 517 1171 563 non
1188 514 1341 567 consen·

269 590 412 678 tiendo,
430 588 524 662 bene
546 592 680 689 poterit
700 594 719 662 a
739 589 847 690 culpa
867 589 1051 676 excusari3
1073 591 1158 689 quia
1178 603 1266 662 tnnc
1284 585 1340 657 di·

268 691 353 761 vina
369 689 562 786 adjurante
577 691 706 783 gratia,
725 686 931 784 periculum
949 689 989 762 fit
1007 704 1189 764 remotum
1209 702 1246 759 et
1263 711 1340 757 ma·

267 786 409 862 teriale.
427 785 524 859 Vide
537 787 647 861 Croix
666 785 690 858 l.
710 787 733 858 5
753 811 792 858 n.
809 787 889 880 254.

305 885 360 957 Ex
370 883 1063 984 praemissisinsertur,esseinoccasione
1074 883 1339 984 proximaeum.

270 988 335 1084 qui
346 981 445 1055 domi
461 983 589 1055 retinet
603 981 813 1072 mulierem,
826 986 985 1083 quacum
1002 986 1096 1084 saepe
1139 981 1341 1055 secavitAEt

143 1082 145 1089 ’
267 1078 332 1156 htc
349 1079 569 1169 notandum,
584 1080 698 1179 quod,
712 1082 741 1153 si
761 1083 844 1180 quis
864 1108 937 1153 non
955 1080 1066 1173 habet
1085 1011 1137 1154 ad
1150 1107 1255 1155 suam
1271 1078 1348 1163 disq

266 1181 487 1279 positionem
503 1179 706 1261 mulierem,
718 1186 877 1277 quicum
914 1197 1026 1264 eccet,
1037 1180 1099 1253 sed
1111 1204 1198 1252 cum
1210 1204 1251 1251 ea
1266 1201 1341 1276 pec·

269 1293 328 1351 oet
342 1281 548 1378 tempesto
560 1277 701 1350 accedit
712 1279 749 1349 in
764 1278 862 1350 illius
874 1207 1136 1365 dirmunr,tunc
1148 1278 1239 1349 illue
1250 1300 1345 1348 acce·

267 1377 356 1450 dere
369 1378 415 1448 sit
429 1377 595 1447 loturum
606 1377 748 1448 occasio
766 1378 941 1476 proxima,
952 1381 1093 1453 etiamsi
1103 1374 1217 1449 semel
1233 1378 1341 1446 inan·

265 1501 317 1549 no
332 1474 535 1560 accederet,
546 1487 582 1545 et
597 1488 774 1573 peccaret.
788 1477 901 1566 2.Qni
914 1476 1052 1548 inludo
1068 1472 1343 1574 frequenterla·

265 1569 368 1646 bitur
386 1573 424 1645 iu
444 1570 713 1668 blasphemias,
734 1572 793 1644 rel
816 1572 973 1646 fraudes.
1003 1575 1037 1647 3.
1060 1575 1134 1665 Qui
1158 1574 1196 1644 in
1221 1573 1342 1671 aliqua

266 1669 400 1756 dorno,
420 1692 606 1769 caupona,
626 1674 978 1746 autvconversatione
993 1671 1124 1744 incidit
1139 1672 1175 1742 in
1193 1668 1344 1743 ebrieta-

266 1779 359 1854 tem,
372 1768 470 1841 rixas
485 1824 494 1853 ,
512 1768 617 1840 verba
632 1785 696 1840 aut
711 1786 831 1866 gestus
848 1767 1008 1843 lascivos.
1026 1768 1248 1868 Huiusmodi
1265 1794 1345 1867 poe-

264 1870 426 1941 nitentes
447 1892 521 1938 non
545 1880 632 1938 sunt
655 1866 870 1939 absolvendi
886 1867 1124 1963 regulariter,
1149 1868 1217 1939 nisi
1244 1865 1348 1966 priirr

267 1966 499 2039 occasionem
522 1959 759 2045 deseruerint.
781 1965 921 2038 Pariter
940 1992 1014 2037 non
1033 1979 1188 2064 possunt
1209 1964 1347 2037 absolvi

266 2063 347 2153 illi,
368 2064 453 2160 qui,
473 2063 558 2135 licet
574 2062 610 2132 ir.
628 2063 818 2136 occasione
834 2089 908 2134 non
926 2078 1104 2162 peccent,
1123 2062 1202 2135 aliis
1222 2078 1346 2136 tamen

266 2161 495 2235 scandalum
509 2157 698 2255 praebent,
726 2176 766 2234 ut
790 2164 1035 2234 communiter
1058 2161 1194 2236 docent
1209 2161 1344 2234 Palaur

264 2271 315 2336 tr.
336 2286 356 2332 2
374 2258 457 2332 dist.
479 2283 500 2331 α
518 2274 613 2358 part.
628 2283 654 2357 9
668 2287 709 2331 n.
738 2284 789 2357 ¹9·
806 2261 897 2332 Bon.
916 2260 962 2332 de
978 2262 1083 2333 Matr.
1105 2257 1189 2332 dist.
1208 2263 1232 2353 4
1252 2275 1349 2356 part.

272 2362 314 2451 alr
336 2385 373 2431 n.
394 2384 435 2431 ια
451 2370 487 2429 et
500 2356 612 2441 Salm,
628 2383 660 2429 c.
676 2357 697 2430 5
713 2382 751 2429 n.
768 2355 815 2430 62
829 2383 916 2430 cum
931 2359 1022 2431 Nar.
1038 2358 1150 2432 Graff.
1163 2359 1346 2448 Candido,

266 2456 360 2556 [ορ.
383 2471 454 2528 etc.
475 2453 631 2527 Addunt
650 2455 760 2528 Croix
780 2453 805 2527 Ι.
827 2457 849 2530 5
869 2483 906 2526 ιι.
926 2456 998 2557 269
1015 2474 1051 2530 et
1067 2459 1207 2531 Tourn.
1227 2473 1250 2530 t.
1271 2483 1291 2530 a
1310 2485 1350 2557 p·

265 2556 339 2651 257
355 2581 441 2627 cum
453 2553 639 2627 Cabassut.
652 2553 770 2652 quod,
784 2580 870 2628 cum
882 2556 1024 2629 occasio
1032 2570 1177 2628 externa
1191 2562 1351 2655 conjun-

261 2732 266 2739 .
295 2655 369 2725 'tur
392 2678 479 2724 cum
508 2652 699 2749 passione,;
718 2665 790 2725 'aut
813 2654 1013 2727 tentatione
1038 2653 1270 2739 vehementi,
1289 2653 1349 2727 rel

264 2675 399 2845 ¹{lubitu
420 2751 570 2840 vitioso,
595 2750 649 2822 rel
675 2749 759 2824 forti
781 2753 1003 2843 tentatione,
1029 2767 1156 2851 peccet
1180 2756 1242 2852 qni
1264 2778 1359 2825 cam*

268 2875 348 2924 non
374 2848 570 2945 relinquit,
593 2849 660 2921 etsi
678 2847 840 2921 necdum
859 2852 1006 2924 cesserit
1022 2852 1238 2935 tentationi3
1261 2852 1351 2950 quia

257 2946 355 3025 raris
370 2946 534 3030 accidet,
554 2945 653 3043 quod
667 2945 750 3018 talis
775 2973 813 3019 se
827 2950 1030 3034 contineat,
1044 2950 1074 3023 si
1095 2947 1141 3021 ab
1155 2950 1349 3025 occasione

270 3068 349 3119 nou
366 3057 579 3140 separetur:
599 3042 696 3117 unde
713 3046 762 3117 ait
774 3045 984 3143 Tonrnely,
1000 3045 1102 3142 qood
1115 3047 1247 3121 ancilla
1266 3048 1349 3119 riri·

152 3158 156 3167 ’
272 3139 1369 3231 desollicitataabheroteueutnrabilliusdomodiscederct¹

272 3242 339 3343 qui
359 3243 456 3315 enim
476 3238 590 3312 tibere
609 3254 884 3329 commoratur,
902 3240 1058 3316 ubitam
1079 3243 1280 3341 periculose
1303 3243 1355 3318 ad

272 3339 414 3415 malum
429 3336 605 3425 allicitur,
622 3364 697 3413 non
713 3353 832 3439 potest
842 3339 1105 3417 rationabiliter
1117 3369 1264 3441 sperare
1278 3344 1359 3421 vic.-

273 3439 405 3512 toriam
420 3437 648 3522 tentationis3
668 3438 890 3513 nisiausiliis
904 3442 1024 3539 gratiae
1037 3441 1355 3526 extraordinariis.

271 3562 360 3638 ¹quae
373 3536 511 3633 sperari
524 3537 601 3608 sinc
615 3537 815 3610 temeritate
824 3554 1012 3638 nequeunt
1026 3537 1073 3612 ab
1086 3564 1146 3630 eo,
1157 3542 1221 3640 qui
1234 3540 1353 3615 libere

275 3634 486 3736 periculum
503 3635 613 3707 vitare
628 3650 768 3735 potest,
787 3650 823 3710 et
839 3662 915 3710 non
928 3639 1028 3711 vitat.
1045 3638 1131 3711 Haec
1154 3654 1273 3712 tamen
1289 3643 1355 3712 in-

277 3730 476 3829 telligenda
499 3732 606 3820 sunt,
629 3734 659 3805 si
676 3734 889 3831 hujusmodi
910 3760 1063 3833 persona
1078 3738 1126 3809 sit
1139 3735 1298 3833 fragilis,
1316 3751 1359 3812 et

277 3831 410 3933 parlim
426 3830 575 3916 devota;
599 3858 681 3903 nam
700 3833 732 3903 si
748 3847 841 3906 esset
882 3833 979 3906 ietati
999 3833 1141 3916 dedita,
1167 3852 1204 3908 et
1225 3851 1356 3922 cauta,
1382 3900 1387 3915 ,

279 3942 533 4029 etop'portuna
546 3928 738 4002 adhiberet
747 3860 909 4004 remedia
928 3933 975 4004 ad
988 3935 1205 4006 tentationes
1226 3935 1355 4035 repel-

278 4027 408 4102 lendas
420 4054 461 4100 ac
477 4030 635 4127 passioni
648 4026 891 4115 obviandum,
906 4044 994 4107 tunc
1008 4056 1089 4105 eam
1101 4058 1177 4105 non
1194 4033 1356 4109 obstrin-

277 4151 401 4226 gerem
418 4124 466 4197 ad
480 4127 712 4199 occasionem
730 4127 976 4207 auferendam.

325 4222 424 4337 Dicit
432 4237 555 4300 autem
567 4226 680 4302 Ronc·
698 4250 780 4326 cap.
795 4228 816 4303 5
832 4243 960 4330 quest.
978 4229 1015 4323 8,
1032 4252 1110 4307 non
1127 4254 1204 4307 esse
1220 4252 1369 4324 negan-
