2884 4684
200 218 279 310 Cap.
297 220 454 290 Π1.Βῑι1ι.
472 222 514 289 V.
530 223 580 287 De
593 219 798 307 Euchar.‚ut
814 235 859 288 est
872 217 1082 296 Satrifieium.
1128 241 1190 314 297

77 345 80 350 ’
119 341 302 416 utereturr
315 331 449 406 deiude
462 336 599 419 usserit,
616 358 852 408 communem
866 358 944 406 esse
955 333 1191 418 sententiam,

117 452 194 499 esse
209 430 350 506 tantini
370 430 531 520 veniale,
555 434 584 505 si
609 433 760 530 praelata
775 431 885 503 verba
899 431 1191 505 consecrationis
1235 512 1242 525 =

118 524 317 603 audiantur
340 529 483 602 tantiam
502 530 549 602 ad
569 532 594 604 6
617 530 674 602 uel
694 535 717 605 8
736 555 886 628 passua;
916 529 1068 606 mortale
1085 528 1190 618 vero,

101 625 147 694 .ai
166 624 215 696 ad
237 628 294 719 ilo.
327 628 397 701 Sed
417 630 494 728 ipae
525 645 674 718 censet,
692 653 768 702 esse
788 627 943 702 mortale
959 628 1128 702 etiamad
1151 653 1193 701 ιο

99 741 245 820 'passus
259 777 269 809 ‚
286 725 316 797 si
334 728 426 798 inua
442 726 680 825 talespatium
693 749 823 823 magua
840 753 920 823 pars
933 726 1191 824 populiadest3

119 821 222 918 quod
240 836 362 898 tamen
380 826 420 897 Ρ.
440 826 552 898 Couc.
581 853 656 904 uon
674 825 785 898 uudet
805 824 1009 924 approbare
1034 826 1193 899 :Dicam

120 921 217 991 circii
242 920 342 1011 haec,
359 921 451 1021 quid
472 925 623 996 sentiain
638 923 816 998 :Nullum
833 921 1009 1006 dubium,
1027 925 1117 1021 quin
1135 948 1195 995 ne-

103 1031 229 1115 queat
242 1022 404 1093 excusari
419 1026 439 1093 a
455 1021 595 1111 veniali,
605 1025 668 1123 qui
685 1020 757 1096 alte
772 1024 811 1094 iu
825 1023 933 1096 Misia
950 1021 1193 1120 profertque
1262 1055 1265 1060 ·

121 1114 302 1192 submisse
326 1118 482 1193 dicenda
512 1137 723 1209 aunt,.cum
751 1125 797 1214 sit
819 1137 944 1195 contra
971 1120 1193 1206 Rubrieum,

117 1237 201 1309 quae
216 1232 260 1287 ut
278 1222 388 1317 supra
405 1218 628 1316 praescribit,
651 1235 689 1292 ut
704 1219 881 1294 Sacerdos
900 1220 1102 1302 reaudire,
1121 1223 1194 1290 etd

115 1311 415 1386 circumstantibus
444 1342 516 1388 noo
543 1319 714 1391 audiatur.
742 1317 772 1389 F
775 1317 865 1390 acilo
887 1318 1037 1417 insuper
1067 1342 1194 1392 assen—

118 1411 237 1495 tirem,
247 1437 331 1486 eum
344 1439 449 1512 posse
465 1439 617 1513 peceare
630 1415 842 1505 mortaliter,
857 1416 922 1514 qui
935 1415 1044 1488 verba
1057 1417 1194 1488 Conse·
1302 1411 1306 1430 ⁸

117 1510 291 1582 erationis
318 1511 374 1583 vel
403 1511 560 1586 Cononis
591 1515 630 1585 in
660 1540 789 1612 magna
815 1530 915 1612 parte
943 1519 990 1586 ita
1016 1512 1088 1586 alte
1114 1541 1196 1610 pro·

115 1605 253 1699 ferret,
282 1625 323 1682 ut
353 1610 472 1686 audiri
500 1627 648 1712 possent
677 1611 725 1685 ad
753 1616 799 1705 clo
826 1638 976 1711 pastus,
1005 1612 1066 1686 hie
1094 1613 1194 1685 eniti}

117 1718 207 1780 tuuc
241 1706 390 1786 deberet
424 1724 501 1782 toto
539 1726 671 1782 conatu
705 1735 831 1783 vocem
868 1710 1030 1797 elevare,
1067 1724 1109 1782 ut
1147 1710 1195 1783 ad

95 1874 103 1886 ,
118 1805 190 1876 300
204 1802 279 1878 sere
287 1805 429 1906 palmos
444 1806 641 1896 audiretur,
654 1823 691 1881 et
700 1811 771 1881 hoe
784 1807 966 1882 videretur
978 1833 1081 1904 grave
1092 1836 1195 1882 scau-

99 1901 249 1982 ,dalum
267 1960 276 1988 ‚
304 1907 447 2002 sapiens
471 1910 592 1982 reveri
614 1906 776 2007 aliquem
792 1921 1047 2005 contemptum
1062 1908 1195 1979 verbo-

89 2017 93 2024 ·
117 2027 200 2074 rum
210 2017 246 2075 et
257 2002 361 2076 ritlrs.
375 2003 447 2076 Sed
457 2006 559 2104 quis,
577 2005 645 2078 nisi
660 2019 783 2078 mente
793 2020 933 2104 captus,
948 2008 1019 2080 hoc
1032 2006 1194 2080 faoturua

117 2099 203 2171 est?
223 2085 458 2175 Exiralhunc
478 2130 602 2176 casum
619 2121 765 2188 autem,
784 2128 979 2202 agnoscere
999 2130 1074 2180 uon
1093 2103 1195 2176 valeo

116 2198 158 2270 in
175 2197 245 2271 hoc
260 2225 367 2296 grave
388 2216 598 2296 peecatum,
614 2229 702 2276 cum
724 2205 881 2275 rationes
908 2200 1026 2276 allatoe
1044 2203 1197 2278 minime

119 2299 340 2372 convincant
353 2327 362 2365 :
374 2299 564 2371 vnonenim
576 2299 700 2388 video,
721 2298 820 2374 unde
835 2302 921 2373 oriri
939 2302 1052 2400 possit
1069 2305 1106 2373 iu
1126 2301 1197 2374 lroc

117 2420 223 2488 grave
238 2395 455 2469 scandalum
471 2453 479 2482 ,
499 2399 696 2496 praesertim
710 2399 742 2470 ai
758 2398 964 2486 Celebraus,
978 2398 1105 2472 devote
1123 2426 1199 2472 ver-

117 2492 166 2565 ba
182 2494 341 2590 proferat
359 2523 368 2564 ε
388 2517 455 2566 nec
471 2521 619 2569 moveor
637 2521 679 2570 ex
695 2523 758 2592 eo,
776 2498 860 2595 quia
879 2496 986 2569 verba
1005 2495 1071 2570 illa
1087 2496 1198 2569 vilea-

117 2606 264 2677 cerem,
291 2609 354 2664 aut
380 2593 567 2674 audientes
595 2595 730 2668 temere
760 2596 802 2666 iia
830 2610 1043 2678 uterentur,
1063 2597 1197 2669 namsi

118 2689 325 2781 hocesset,
344 2679 700 2790 etiamEvangelium
713 2693 751 2766 S.
766 2693 936 2774 loannis,
950 2691 1052 2793 quod
1062 2692 1199 2766 dieitur

84 2813 90 2830 ·
121 2787 307 2887 quotidie,
327 2789 602 2879 revilesceret,
621 2790 762 2864 secreti)
780 2791 854 2864 dici
872 2791 1034 2865 deberet.

173 2919 192 2953 ο
216 2885 254 2960 6.
281 2890 421 2963 Mutare
444 2890 617 2978 Missam,
640 2904 675 2962 et
696 2888 756 2962 die
778 2891 998 2974 Dominum,
1025 2888 1080 2961 vel
1106 2888 1254 2963 sestol¹7

118 3015 139 3054 ι)
168 2983 337 3083 duplici,
358 3011 391 3059 v.
417 3011 470 3083 gr.
494 2987 549 3062 vel
574 2990 618 3061 iis
644 2985 796 3077 diebus,
817 2989 952 3088 quibus
980 2987 1198 3088 prohibetur

100 3109 135 3149 ἰι
169 3085 248 3158 lieri
275 3083 321 3156 de
344 3084 433 3157 sesto
454 3085 594 3186 duplici
611 3142 619 3171 ,
636 3113 669 3157 v.
688 3114 740 3183 gr.
758 3087 851 3159 infra
868 3104 1012 3162 octavas
1030 3088 1102 3185 Epi
1134 3089 1199 3162 lsa-

96 3259 99 3270 ,
120 3212 140 3247 ι
171 3185 256 3264 nae,
275 3183 484 3266 paschatis,
501 3201 569 3259 etc.
588 3186 690 3259 Ferit
707 3185 771 3257 IV.
787 3188 974 3275 Ciuerum,
993 3187 1085 3258 inira
1104 3116 1200 3259 lieb-

116 3311 139 3352 .»
171 3278 366 3354 domudam
401 3286 577 3381 majorem
593 3299 607 3369 ,'
630 3283 766 3383 vigilia
791 3284 993 3358 Natiuitatis
1024 3287 1196 3375 Domini,

99 3407 137 3450 η»
170 3379 247 3452 aine
261 3381 358 3475 gravi
378 3385 494 3456 causa
506 3380 624 3480 legere
639 3385 794 3455 votivam
810 3408 819 3466 3
836 3382 893 3456 vel
912 3410 976 3481 pro
990 3383 1194 3474 defunctis,

118 3506 139 3543 a
169 3476 226 3548 rel
249 3476 294 3549 de
313 3477 385 3551 alio
409 3483 542 3553 Sancto
568 3483 606 3553 in
627 3507 822 3554 numerum
839 3482 1198 3558 Sariotorururelato'.

92 3605 139 3656 a»
157 3574 271 3649 ·Suar.
286 3577 390 3651 Dian.
415 3580 519 3676 Lugo
537 3578 562 3650 l.
578 3606 611 3651 c.
628 3571 750 3654 Eseob
764 3594 891 3652 contra
905 3582 1033 3671 Quint.
1052 3583 1116 3681 qui
1134 3594 1158 3653 t.
1175 3607 1197 3678 7

94 3702 141 3752 ,a
168 3698 197 3746 s.
213 3678 234 3765 4
252 3689 381 3773 putat,
399 3678 437 3748 in
457 3675 687 3752 hebdomada
704 3695 827 3752 sancta
850 3678 959 3752 licere
983 3676 1199 3775 legerevoti·

93 3803 136 3850 ‚o
170 3798 254 3944 iau:i
263 3830 272 3862 ,
293 3772 394 3946 <prod
423 3773 760 3944 ιοοῖιιᾶαιιιῦθνιιιῑ.
780 3778 887 3852 Dian.
912 3804 948 3876 p.
968 3791 1034 3875 9t.
1055 3773 1137 3851 att.
1152 3775 1199 3851 53

118 3902 138 3940 ιι
169 3897 212 3946 ex
255 3897 296 3946 ec
335 3900 403 3954 ra.
456 3900 536 3945 ar.

129 4011 133 4020 ·
172 3997 193 4036 ιι
219 3971 301 4044 Dixi
324 3983 355 4052 ι’.
372 3963 681 4144 Srueprovicaura
695 4006 708 4047 .·
721 3974 804 4049 talis
823 3986 946 4046 aurem
961 3987 1150 4059 censetur,
1168 4000 1200 4048 1.

86 4097 139 4148 ,ιι
168 4069 259 4165 Qua
272 4083 414 4169 spectet
434 4096 455 4150 a
494 4067 636 4148 bonum
651 4071 898 4175 Reipublicae,
919 4071 973 4149 vol
991 4069 1199 4172 Principis,

1121 4211 1195 4290 ’δὴι
