2884 4684
268 124 332 192 ‘ian
377 112 451 189 Lib.
466 120 525 190 vt.
543 122 652 190 Tract.
667 118 727 191 tv.
745 122 795 188 De
813 119 1016 203 sacramento
1030 115 1241 217 lfoenrtentie·

270 232 392 320 lator,
414 235 478 335 qui
497 261 540 307 ex
566 250 742 335 potestate
767 234 835 308 sibi
857 231 985 307 tradita
1004 229 1113 305 solvit
1128 223 1334 302 remittendo

259 348 441 433 peccata,
464 347 501 406 et
520 327 610 432 ligat
632 349 812 433 praecepta
837 329 1064 433 imponendo
1086 329 1186 402 circa
1208 322 1334 420 obliga·

137 463 141 475 ·
265 433 408 506 tionem
431 432 685 508 satisfactionis
702 430 929 533 implendae:
952 428 1052 502 unde
1073 427 1188 523 hujus
1206 423 1336 521 obliga·

270 532 380 605 tionis
406 531 560 627 gravitas
587 533 705 605 oritu'r
725 558 803 604 non
829 556 873 603 ex
898 530 934 603 vi
960 527 1207 608 Sacramenti,
1227 521 1338 596 sedux

299 646 456 726 roecepto
473 629 704 705 confessarii.
731 631 820 704 Haec
846 625 1006 703 secunda
1030 625 1208 698 sententia
1229 641 1340 720 perse
1406 674 1407 692 r

199 804 203 813 ,
268 654 462 826 loquendo
475 729 584 803 valde
604 727 805 830 probabilis
825 727 915 801 mihi
931 725 1095 818 ridetur,
1113 721 1340 818 sednonpro

268 824 416 911 barem,
433 831 464 901 ei
481 825 732 919 Conlessarius
747 853 791 900 ex
806 825 876 901 hac
886 825 1052 899 doctrina
1065 821 1179 905 vellet
1188 844 1254 919 pro
1267 843 1341 916 pec·

137 990 144 997 .
270 920 361 1019 catis
380 924 547 1023 gravibus
566 940 679 1001 totam
697 926 954 1026 poenitentiam
968 925 1159 1023 imponere
1173 916 1241 991 sub
1255 915 1342 999 levi,

261 1039 422 1124 excepto
438 1044 522 1098 casu
538 1026 653 1125 gravis
665 1023 892 1124 agritudinis
902 1082 911 1108 ,
922 1036 985 1095 aut
999 1018 1254 1093 intensissime
1266 1037 1343 1086 cou-

270 1121 450 1215 nitionis,
476 1122 534 1197 vel
562 1122 634 1199 alio
654 1146 738 1197 caso
760 1125 961 1205 rarissimo,
983 1121 1021 1192 in
1034 1145 1112 1219 quo
1129 1109 1278 1190 omuinb
1295 1112 1344 1182 ri·

273 1218 423 1295 deretur
437 1221 609 1323 expedire
629 1221 675 1295 ad
692 1222 848 1295 salutem
870 1220 1101 1319 poenitentis3
1115 1213 1343 1313 censeamini

272 1338 320 1392 ex
338 1325 519 1420 praec'eplo
547 1319 753 1394 Tridentini
768 1318 894 1421 'teneri
923 1342 1070 1417 semper
1085 1311 1341 1389 confessarium

271 1417 467 1516 iltiongere
488 1418 640 1520 aliquod
668 1442 773 1518 grave
798 1443 890 1516 opus
919 1416 990 1489 sub
1013 1413 1236 1515 obligatione
1258 1405 1341 1504 graii

273 1517 341 1612 (ut
354 1520 427 1616 jam
446 1508 520 1590 diri
546 1542 581 1605 n..
603 1519 686 1591 5r'o.
708 1518 744 1589 in
762 1516 876 1611 ᾖπῶς
896 1517 983 1589 licet
998 1516 1044 1588 sit
1058 1513 1141 1588 leve
1162 1504 1344 1608 respective

258 1612 324 1685 ⁴ad
341 1632 538 1707 numerum
557 1624 597 1689 et
610 1616 819 1714 gravitatem
841 1614 1090 1713 peccatorum.
1104 1609 1252 1685 Praelata
1269 1600 1342 1701 ergb

260 1715 451 1786 sententia
468 1714 647 1788 &servire
669 1713 801 1816 poterit
818 1714 865 1786 ad
881 1713 953 1786 hoc
969 1712 1137 1799 tantiam,
1155 1725 1196 1781 ut
1212 1705 1345 1779 Censes·

276 1813 412 1896 sarius,
431 1818 625 1913 postquam
645 1814 820 1911 imposuit
837 1811 998 1911 aliquam
1016 1807 1346 1909 poenitentiamgra-

276 1935 384 1995 vem.
404 1911 515 1997 aliam
531 1912 731 2007 graviorem
749 1912 917 2007 injungat
935 1909 1005 1981 sub
1023 1909 1121 1995 leri,
1143 1919 1183 1979 ut
1200 1905 1227 1977 si
1244 1900 1345 2002 poeni·

276 2020 359 2081 tens
386 2006 489 2081 illa'rn
515 2008 713 2108 implebit,
743 2008 1055 2082 sacramentaliter
1081 2003 1294 2088 satisfaciam
1320 1997 1343 2068 si

276 2106 361 2179 verb
383 2100 565 2204 negliget,
584 2132 660 2179 non
685 2122 854 2206 gravetur
869 2105 981 2207 culpo
1005 2106 1116 2203 gravi.
1134 2106 1184 2177 Et
1201 2100 1250 2172 sic
1268 2109 1343 2196 puto

276 2203 378 2305 recte
396 2230 433 2277 se
446 2228 569 2301 gerere
580 2204 874 2289 Confessarium3
890 2230 975 2277 cum
990 2205 1093 2278 enim
1109 2202 1264 2304 spectati
1281 2218 1344 2294 poe·

265 2306 428 2376 nitentis
446 2302 700 2377 imbecillitate
715 2305 829 2402 possit
845 2302 1099 2377 Confessarius
1119 2302 1345 2401 primamtan·

277 2400 359 2493 tiam
383 2412 528 2505 gravem
553 2403 807 2501 poenitentiam
832 2403 1023 2501 imponere
1056 2400 1128 2474 sub
1152 2409 1344 2499 precepto,
1409 2460 1410 2483 1

278 2514 315 2572 et
330 2500 532 2597 graviorem
560 2500 630 2574 sub
655 2502 812 2575 consilio
833 2500 1068 2600 prescribere
1089 2556 1098 2586 ,
1119 2496 1250 2571 melibs
1265 2516 1342 2562 con·

279 2598 376 2672 sulet
397 2599 496 2673 bono
522 2601 737 2698 poenitentis
755 2655 765 2684 ‚
785 2598 1012 2699 imponendo
1030 2597 1136 2671 illam
1165 2594 1342 2695 graviorem

278 2697 349 2771 sub
365 2695 457 2781 levi,
478 2706 519 2769 ut
534 2698 657 2772 omnia
672 2723 785 2796 opera
801 2701 968 2798 injuncta
987 2695 1177 2770 eleventur
1192 2692 1237 2764 ad
1252 2687 1343 2761 meri·

278 2811 360 2868 tum
391 2796 646 2869 satisfactionis
661 2795 960 2875 sacramentalis.
983 2793 1135 2868 Minime
1157 2806 1271 2863 autem
1287 2812 1343 2881 ap·

279 2891 398 2993 probo
413 2894 465 2984 id,
481 2894 579 2993 quod
595 2892 726 2967 dicunt
738 2894 883 2968 Mediua
897 2894 998 2994 apud
1009 2894 1114 2968 Suar.
1133 2906 1171 2965 et
1187 2888 1244 2960 alii
1259 2879 1343 2984 apud

278 2991 452 3066 Busemb.
474 3009 515 3065 ut
537 2996 647 3091 suprlt
665 3047 675 3079 ‚
696 2993 830 3095 nempe
855 2993 957 3093 quod
981 2992 1228 3078 Confessarius
1248 2984 1344 3082 possit

235 3178 239 3183 ἡ
280 3089 480 3191 aliquandi)
507 3092 699 3188 injungere
725 3091 980 3193 poeniteutiam
1009 3092 1088 3163 sine
1112 3089 1190 3162 ulla
1219 3080 1344 3173 obliga«
1409 3088 1410 3105 l

267 3189 403 3276 ·tione;
423 3188 495 3262 lroc
516 3188 598 3263 dico
621 3204 676 3262 est
694 3189 846 3264 omniuo
869 3187 1134 3289 improbabile;
1152 3211 1236 3258 narn
1251 3178 1343 3276 legis·

280 3286 377 3359 lator
392 3302 513 3387 potest
530 3288 623 3363 ferre
637 3304 674 3361 et
690 3316 766 3363 non
778 3288 871 3364 serre
889 3289 1025 3388 legem,
1040 3288 1105 3360 scd
1122 3288 1152 3360 si
1169 3285 1267 3360 ferat,
1281 3299 1343 3348 nou

279 3400 402 3485 potest
430 3384 581 3487 quidem
608 3415 689 3460 eam
716 3386 810 3471 serre
833 3390 912 3461 sine
941 3386 1185 3484 obligatione,
1205 3403 1280 3451 cum
1297 3375 1344 3445 let

283 3484 416 3557 debeat
432 3488 636 3559 necessario
655 3485 785 3560 saltem
802 3485 872 3559 sub
889 3483 960 3562 leri
977 3485 1160 3585 obligare3
1178 3482 1231 3552 lex
1247 3474 1344 3553 euim,

282 3611 364 3683 quae
383 3610 458 3657 non
473 3583 628 3681 obligat,
649 3612 724 3658 non
743 3601 799 3659 est
813 3585 894 3670 tex‘,
914 3583 981 3658 sed
999 3585 1205 3657 consilium.

223 3691 274 3758 ⁵¹9
329 3663 1345 3783 Dubitaturaiuloternporelubilaei‚velludulge‘utiaeple·

280 3783 393 3856 uariae
404 3764 1341 3882 possitConfessariusabsolutiouemimpertirinulli

280 3880 448 3980 iniuncti
463 3883 677 3981 poeoiteutib
693 3880 840 3956 i'Primo
852 3881 1032 3954 sententia
1046 3880 1206 3962 affirmat,
1220 3885 1251 3943 et
1259 3867 1343 3940 itanc

280 3994 410 4055 tenent
433 3983 535 4080 Lugo
567 3980 605 4053 d.
625 4004 671 4078 27
691 4006 729 4056 n.
753 3980 933 4057 21.Suar.
951 3977 988 4063 d.
1007 3981 1054 4056 38
1078 3991 1166 4055 acet.
1185 3991 1271 4047 rou.
1295 3982 1341 4035 1⁰·

1405 4110 1410 4371 l
