2884 4684
221 167 286 260 396
327 169 400 236 Lib.
418 169 476 236 vt.
495 168 603 240 Traet.
621 170 681 241 IV·
700 169 750 238 De
764 169 967 239 Sacramenta
981 169 1189 239 l’oe'niteu'tin.

220 283 409 355 remedium
420 282 591 379 praebetur
605 297 728 354 contra
744 298 892 375 peecata
913 281 1076 366 velanda,
1091 307 1139 352 ea
1152 276 1298 371 Gratia,

220 383 324 478 qudm
341 406 390 450 aa
402 380 624 452 assuetudine
638 394 831 452 nostrorum
849 406 1001 476 operum.
1022 380 1116 453 Hine
1131 377 1230 452 rectit
1242 378 1298 451 di·

223 492 312 551 cunt
325 477 438 550 Salm.
454 504 486 550 e.
504 479 526 551 5
540 506 578 550 n.
593 478 638 576 67
655 478 690 548 in
701 476 778 568 fine
791 504 803 547 .·
818 478 888 550 Cur
899 478 1134 576 deprecatore
1145 503 1217 548 non
1230 476 1300 549 ha·

221 575 323 647 hante
343 576 495 688 gratiam
515 601 583 673 per
601 575 825 661 dilationem,
851 576 954 673 quim
978 576 1023 647 de
1047 576 1233 649 consumto
1258 575 1299 645 in
1402 612 1406 617 ·

222 671 374 745 amict'tza
395 672 469 745 Dei
481 699 545 771 per
566 673 819 745 obauditionem
839 673 961 744 melius
981 674 1192 765 sperandum
1208 675 1301 746 est?

221 773 272 844 Et
291 773 493 870 praesertim
514 770 637 871 quoad
653 786 845 869 peceatum
863 770 1082 871 pollutionis
1101 772 1254 859 Toletus
1271 769 1301 846 l.

224 871 245 943 5
264 897 298 942 c.
324 870 365 942 13
380 872 431 942 sie
446 872 586 969 iuquit:
604 902 621 938 n
639 871 711 943 Vix
728 889 922 968 puto‚esse
936 870 1173 945 aliudeffieax
1186 895 1301 942 reme·

222 999 242 1037 n
273 965 395 1056 dium,
413 975 526 1067 quam
547 969 877 1067 frequentissimam
897 968 1173 1042 Confessionem
1192 967 1302 1041 adhi-

223 1097 242 1133 η
271 1065 358 1139 bere
377 1091 387 1157 3
407 1082 462 1139 est
488 1070 585 1140 enim
607 1066 678 1141 hoc
701 1067 979 1139 Sacramentum
998 1068 1195 1141 maximnm
1216 1067 1302 1138 froe-

222 1180 386 1249 snum,
415 1168 534 1265 etqui
560 1165 630 1238 hoe
655 1191 733 1239 non
758 1165 896 1248 utitur,
920 1192 993 1239 non
1019 1165 1088 1238 sibi
1115 1166 1306 1262 promittat

223 1293 241 1330 a
273 1263 579 1349 emendationem,
600 1263 669 1339 uisi
688 1289 752 1361 per
771 1265 1008 1353 miraculum)
1022 1297 1057 1336 o.
1074 1266 1226 1363 Hocque
1247 1288 1304 1334 re·

223 1361 347 1433 medio
359 1362 562 1475 frequentis
574 1361 818 1435 Confessionis
861 1390 899 1434 ro
913 1362 1163 1436 recidentibus
1177 1364 1215 1433 in
1230 1360 1303 1433 tale

224 1461 353 1533 vitium
371 1461 525 1557 legimus
541 1462 585 1533 D.
601 1461 818 1557 Philippum
832 1390 984 1534 llerium
997 1463 1052 1553 (iu
1071 1466 1151 1562 ejus
1166 1459 1248 1533 Vita
1269 1486 1302 1534 c.

224 1559 249 1631 6
266 1584 302 1630 u.
320 1558 361 1651 a)
378 1561 533 1630 maxime
552 1586 657 1631 usum
677 1559 863 1632 fuisse.'sst
878 1560 964 1633 huie
978 1558 1153 1633 doctrine
1171 1558 1306 1632 alludit

225 1656 276 1744 id,
286 1656 386 1755 quod
400 1657 556 1731 habetur
568 1658 606 1729 iu
622 1657 754 1731 Rituali
767 1661 929 1732 Romano
945 1657 990 1730 de
1000 1660 1158 1732 Sacram.
1169 1657 1307 1741 Poenis,

227 1753 319 1827 ubi:
347 1756 391 1826 Iu
412 1772 560 1851 peecata
584 1753 688 1838 sacili
711 1755 940 1828 recidentibus
966 1755 1183 1829 unanimum
1199 1751 1309 1841 fuerit

227 1856 428 1944 consulere,
456 1868 496 1925 ut
513 1856 605 1950 supi
624 1854 872 1947 suspieentur,
899 1865 936 1925 et
950 1855 987 1925 si
999 1854 1187 1948 expedint,
1208 1879 1306 1923 com·

226 1953 413 2048 munirent.
424 1950 523 2048 Ergo
537 1951 687 2038 Rituale,
700 1951 790 2022 dum
803 1950 905 2041 dicit,
917 1952 1120 2025 remedium
1136 1951 1308 2049 frequen·

208 2051 274 2121 'tis
300 2049 545 2122 confessionis
572 2050 807 2121 utilissimum
827 2075 904 2121 esse
928 2050 1033 2123 faciit
1058 2048 1307 2124 recidentibus

228 2149 266 2218 in
285 2164 446 2247 peecata,
458 2147 644 2245 supponit,
691 2174 818 2220 ravum
835 2147 1003 2222 habitum
1021 2148 1068 2220 ab
1084 2149 1134 2220 eis
1150 2173 1225 2222 non
1242 2148 1309 2220 nd·

227 2243 303 2317 hire
318 2272 395 2318 esse
407 2248 596 2337 avulsum3
610 2172 687 2335 seii
702 2246 776 2318 hoe
792 2273 867 2317 non
888 2245 1067 2334 obstante,
1088 2247 1208 2333 docet,
1226 2272 1308 2342 gra·

229 2346 315 2418 tiam
334 2346 560 2419 sacramenti
576 2344 733 2423 multirm
754 2345 920 2417 conferre
935 2346 982 2418 ad
995 2346 1310 2420 emendationem.

278 2444 438 2537 Quidam
460 2442 701 2543 rigiditatibus
717 2444 871 2525 addicti,
888 2447 953 2543 qui
972 2471 1035 2543 per
1048 2446 1198 2517 unicum
1218 2446 1246 2516 ri
1272 2469 1311 2516 o·

230 2541 280 2615 ris
296 2543 481 2616 tramitem
497 2544 635 2616 animas
653 2541 885 2624 conducunt,
906 2544 1013 2616 nimis
1028 2469 1310 2641 generaliterio·

232 2657 404 2740 quentes,
421 2657 743 2730 usserunt,omnes
759 2640 936 2714 recidiros
951 2643 1191 2741 perversiores
1209 2642 1310 2727 fieri,

231 2765 319 2812 oum
334 2739 573 2812 absolvuntur
588 2744 786 2836 antequam
796 2738 1054 2813 emendentur.
1068 2739 1139 2813 Sed
1153 2741 1217 2812 hos
1233 2764 1318 2810 ma·

231 2838 362 2935 gistros
384 2863 485 2911 meos
511 2864 700 2936 rogarem,
721 2838 907 2936 numquid
932 2837 1102 2929 recidivi,
1122 2864 1206 2911 eum
1229 2839 1312 2911 sine

232 2935 462 3008 absolutione
481 2937 740 3021 dimittuntur,
757 2939 870 3033 gratia
884 2939 1109 3010 sacramenti
1122 2950 1312 3021 carentes,

233 3032 1318 3134 omnesvalidioresfiunt,etemendanturiQuotmiserosip·

233 3158 271 3206 se
285 3135 520 3232 cognovi,qui
532 3132 580 3206 ob
591 3134 805 3232 denegatam
816 3131 1082 3206 absolutionem
1093 3134 1226 3229 dejecti
1237 3133 1316 3206 sud·

232 3257 272 3305 re
288 3232 325 3302 in
337 3232 639 3329 desperationem,
652 3248 687 3304 et
700 3231 896 3331 perplures
910 3258 1025 3305 annos
1041 3232 1314 3305 aSaeramentis

234 3331 348 3403 aversi
358 3329 772 3404 aberraruntissreterirm
782 3331 1035 3430 unusquisque
1045 3334 1081 3403 in
1093 3332 1163 3403 lroc
1175 3345 1313 3428 puncto

232 3426 1317 3529 impertiendaeveldifferendaeabsolutionisdirigeresede·

232 3528 296 3601 bet
312 3533 409 3623 iuxta
427 3529 552 3601 lumen
568 3536 585 3600 l
602 3529 679 3602 Deo
694 3529 764 3601 sibi
785 3527 1060 3602 donatumfloo
1077 3542 1221 3602 eertum
1238 3542 1315 3619 est,

234 3626 336 3727 quod
348 3628 386 3699 in
398 3628 468 3701 hac
480 3629 629 3700 materia
643 3634 717 3701 tam
731 3641 867 3713 errent,
877 3632 939 3725 qui
952 3652 1058 3725 aequo
1074 3641 1161 3699 sunt
1177 3624 1318 3699 facilio-

234 3752 301 3811 res,
326 3730 436 3826 quam
464 3730 528 3825 qui
550 3752 655 3824 aequo
675 3725 861 3823 rigidiores
885 3742 972 3799 sunt
994 3727 1031 3798 in
1063 3723 1315 3815 absolvendo;

234 3840 434 3924 utrumqne
447 3840 651 3927 extremum
666 3828 926 3921 perniciosum:
937 3825 1046 3898 multi
1059 3826 1157 3898 enim
1170 3823 1318 3897 Confes-

235 3924 328 3996 sa'rii‘
337 3924 384 3996 ob
397 3925 549 3996 nimiam
558 3924 767 3996 facilitatem
777 3922 993 3997 absolvendi
1002 3927 1041 3996 in
1052 3948 1158 3997 causa
1173 3932 1318 4010 suntut

236 4021 362 4122 plures
377 4024 509 4101 animae
528 4023 566 4096 io
585 4022 1002 4123 perditionem-abcenu-
1019 4022 1084 4097 sed
1096 4021 1158 4097 alii
1186 4019 1235 4095 ob
1257 4021 1316 4101 nt:
