2884 4684
287 244 368 338 Cup.
383 245 519 315 tout.
537 243 594 313 111.
613 196 664 315 lie
680 246 811 315 eseam
828 246 924 340 hujus
937 247 1144 325 Sacrrmcnti.
1194 253 1260 342 419

185 357 253 458 337
269 384 306 432 n.
324 362 381 457 39.
397 358 489 433 Viva
507 387 543 459 q.
561 375 663 435 cart.
679 362 713 437 3.
731 363 835 439 Dian.
855 389 892 463 p.
917 387 957 436 ro
969 374 1075 437 tract.
1092 362 1142 449 *16
1156 361 1199 437 n.
1213 386 1261 463 79

187 482 274 531 cum
297 456 375 530 aliis
400 463 668 550 communiter,
687 460 799 535 Card.
829 458 868 533 d.
888 463 929 535 51
962 485 1042 560 cap.
1072 485 1094 533 ο
1124 464 1164 535 in
1194 462 1261 535 Se·

184 551 267 629 lect.
289 558 351 655 qui
377 570 480 630 vocat
504 558 709 657 oppositam
730 556 1034 657 improbabilem
1051 572 1089 631 et
1106 560 1209 657 Lugo
1228 559 1258 632 l.

185 653 247 727 cit.
261 656 425 752 quumvis
440 656 594 752 primam
606 659 823 731 sententiam
838 671 974 731 tutatus
988 655 1099 730 luerit
1111 712 1122 746 ,
1136 671 1261 732 tamen

186 751 238 822 sic
258 750 448 826 concludit
465 781 474 823 t
496 755 688 844 Caeterum,
708 755 787 852 quia
801 755 837 827 in
854 778 891 827 re
908 753 1116 827 moralr'non
1133 754 1261 856 estfa-

184 850 250 921 citt
279 850 505 922 recedendum
533 852 556 921 d
583 853 761 924 communi
786 853 991 940 sententio.
1019 853 1100 924 nolo
1126 853 1163 925 in
1190 853 1261 928 hoc

179 964 311 1044 puncto
335 947 468 1048 aliquid
480 946 645 1046 desinire,
671 950 738 1021 sed
756 950 960 1024 securiorem
979 964 1113 1040 partem
1135 973 1263 1024 consu·

185 1045 267 1115 lere.
285 1046 386 1118 Ratio
406 1045 519 1145 hujus
534 1048 721 1123 sententiae
737 1064 791 1122 est
807 1105 816 1135 ‚
838 1049 946 1148 quia,
967 1045 1054 1121 licet
1068 1062 1262 1146 peccatum

187 1141 298 1215 merit
322 1142 459 1217 directe
484 1145 675 1218 remissum
690 1204 705 1234 ,
720 1171 796 1219 uon
819 1160 942 1224 tamen
968 1145 1038 1217 fuit
1056 1147 1262 1245 expositum

189 1241 242 1312 uti
260 1242 387 1313 eratin
402 1244 625 1315 conscientia
641 1298 651 1331 ,
671 1241 783 1342 proiit
794 1246 963 1345 praecipit
972 1241 1262 1334 Tridentiuum‘,

187 1362 256 1411 nec
273 1339 450 1438 explicata
462 1339 530 1414 luit
546 1339 747 1416 substantia
764 1344 926 1440 peccati,
943 1367 1025 1442 quae
1042 1344 1208 1416 consistit
1222 1343 1264 1417 in

187 1439 428 1535 ejusacognita
450 1441 643 1534 gravitate3
665 1438 824 1539 ideisque
843 1438 890 1513 ud
904 1438 1151 1540 supplendam
1167 1442 1265 1514 inte·

211 1537 355 1608 ritatem
362 1535 607 1610 Confessionir
618 1565 728 1639 ,opus
739 1553 795 1611 est
810 1537 908 1611 illud
926 1553 968 1611 ut
984 1552 1133 1612 certum·
1143 1539 1265 1612 mani·

186 1559 328 1708 iactare.
344 1634 422 1709 Nec
436 1635 556 1709 obstat
574 1634 635 1723 id,
656 1637 758 1735 quod
775 1637 929 1736 opponit
949 1637 1108 1736 Sporer‚
1129 1636 1265 1736 nempe

188 1731 311 1831 qnod,
327 1732 448 1831 siquis
464 1735 718 1819 confiteretur,
735 1760 773 1807 se
786 1734 1006 1807 fornicatum
1020 1732 1130 1807 fuisse
1143 1734 1264 1817 decies

187 1827 272 1928 plus
285 1829 420 1918 minin,
430 1832 460 1903 si
470 1837 593 1929 postea
609 1830 708 1907 certo
720 1833 934 1919 adverteret,
945 1859 983 1905 se
1001 1830 1173 1906 undecies
1183 1860 1267 1933 pec·

188 1952 299 2016 casse,
308 1943 491 2003 teneretur
501 1930 631 2002 iterium
642 1930 917 2005 confiteriNam
927 1929 1170 2030 respondetur
1180 1957 1267 2005 cum

185 2025 345 2124 Roncag.
374 2026 510 2113 Diana,
538 2042 575 2101 et
600 2028 704 2115 aliis,
737 2028 840 2128 quod
870 2028 996 2129 dispar
1026 2045 1150 2105 currat
1177 2031 1267 2120 ratio

187 2125 283 2197 inter
304 2127 466 2224 primum
482 2141 519 2198 et
541 2124 747 2199 secundum
764 2152 917 2215 cauum;
937 2131 975 2199 in
998 2125 1070 2201 boc
1089 2129 1189 2203 enim
1206 2154 1268 2202 se·

189 2220 315 2296 cundo
336 2249 420 2296 casu
445 2250 521 2297 non
542 2225 591 2297 itt
607 2222 820 2298 notabiliter
845 2224 1025 2323 judicium
1048 2226 1269 2301 Confessarii

189 2321 347 2394 variatur
364 2319 459 2395 sicirt
474 2322 512 2393 in
528 2324 647 2421 primo
662 2378 672 2408 ‚
690 2348 778 2394 nam
795 2322 857 2396 hle
874 2348 977 2402 error
992 2325 1138 2397 numeri
1151 2351 1270 2399 mora·

190 2417 275 2492 liter
301 2434 455 2498 nonest
482 2421 577 2494 circi
601 2418 867 2508 substantiam,
897 2422 983 2521 quia
1005 2427 1105 2520 juxta
1132 2422 1269 2495 huma·

189 2541 280 2589 num
305 2516 459 2591 modum
474 2514 652 2618 loquendi
678 2545 835 2593 numero
859 2518 1026 2611 decimo,
1051 2519 1175 2592 addita
1203 2519 1270 2594 iltt

190 2614 351 2689 dictione
362 2617 444 2730 plus
459 2618 575 2689 mrizrls
587 2672 596 2703 ,
609 2617 797 2691 moraliter
813 2616 1017 2691 includitur
1033 2616 1269 2704 undecimus,

191 2729 228 2786 et
243 2712 326 2787 ideo
343 2740 394 2787 src
408 2713 518 2790 habet
540 2715 883 2887 communispraxis
898 2713 1092 2802 fidelium,
1111 2714 1271 2832 quinon

192 2827 327 2913 putant
350 2838 388 2885 se
414 2838 491 2887 esse
520 2811 595 2888 obli
619 2829 696 2887 atos
725 2840 744 2886 a
799 2810 1058 2913 explicandum
1080 2814 1272 2889 mcdrcum

127 2980 159 3005 ,,
189 2910 407 2996 numerum,
425 2910 576 3012 quandb
589 2841 696 2986 iilum
713 2937 798 2985 cum
815 2909 1095 3000 incertitudine,
1112 2912 1271 2989 dicendo
1321 2965 1329 2979 .

185 3013 268 3108 plns
284 3009 420 3099 mrbus,
436 3026 694 3111 exposuerunt.
711 3012 754 3084 ln
770 3011 888 3107 primo
901 3008 988 3083 verb
998 3034 1105 3097 casu,
1122 3009 1273 3112 quando

192 3092 274 3207 q'uis
300 3108 485 3183 confessus
511 3124 566 3183 est
590 3124 783 3208 peccatum
812 3108 1046 3199 ardutium,
1073 3126 1110 3184 et
1136 3108 1273 3182 deinde

195 3220 336 3279 certum
352 3208 537 3304 agnoscit,
556 3234 658 3281 error
673 3222 728 3281 est
741 3208 836 3281 circa
850 3206 1112 3295 substantiam,
1129 3209 1216 3308 quia
1231 3208 1274 3280 in

194 3306 422 3385 accusatione
443 3306 556 3380 dubia
577 3305 683 3381 nullo
703 3305 814 3380 modo
832 3304 1037 3380 includitur
1055 3319 1180 3399 certa,
1203 3331 1276 3380 nec

98 3412 106 3420 '
194 3401 353 3476 bumana
375 3404 486 3478 modo
501 3430 680 3506 umquam
701 3401 812 3478 dubia
836 3406 1018 3481 accusatio
1035 3400 1165 3478 delicti
1177 3420 1273 3476 tam·

194 3508 304 3602 qutm
321 3517 420 3577 certa
437 3504 627 3604 accipitur.
1046 3560 1052 3579 .

243 3600 538 3677 Probabilissime
562 3617 684 3675 autem
707 3601 837 3676 dicunt
852 3600 983 3676 Suncb.
1001 3599 1027 3676 l.
1059 3627 1072 3675 r
1094 3625 1127 3675 c.
1147 3625 1191 3674 ro
1207 3625 1273 3677 nu.

163 3699 245 3798 ‚69
276 3701 368 3773 Bon.
389 3699 425 3772 d.
445 3728 508 3773 nu.
534 3699 764 3776 roetsalm.
786 3723 914 3870 epu.
942 3726 986 3800 27
1009 3701 1274 3788 cuiusnam,

195 3799 289 3872 Con.
314 3797 428 3871 Num.
456 3799 537 3872 Dic.
561 3797 687 3873 Valer.
708 3798 832 3874 Cordu
862 3853 870 3868 .
896 3798 995 3871 Vict.
1017 3812 1085 3871 etc.
1106 3821 1277 3873 commu-

195 3895 478 3995 nissime,quod‚
496 3898 525 3970 si
543 3899 625 3997 quis
639 3899 836 3973 confitetur
848 3900 1045 3997 peccatum
1060 3952 1073 3987 2
1086 3894 1190 3996 quod
1208 3920 1277 3969 nec

189 3997 292 4096 ipse,
312 4021 377 4069 nec
393 3995 640 4070 Consessrrius
658 3994 797 4071 sciebat
811 4020 888 4068 esse
902 3994 1055 4068 mortale
1072 4050 1082 4081 ,
1098 4008 1134 4067 et
1151 3995 1279 4094 posted

195 4096 295 4173 norit
307 4120 383 4169 csse
397 4093 551 4171 mortale
567 4120 611 4170 er
628 4120 759 4194 genere
774 4113 851 4186 suo,
868 4119 942 4168 non
957 4106 1123 4168 teneatur
1139 4091 1281 4178 iterium
