<?xml version="1.0" encoding="UTF-8"?>
<!DOCTYPE html PUBLIC "-//W3C//DTD XHTML 1.0 Transitional//EN"
    "http://www.w3.org/TR/xhtml1/DTD/xhtml1-transitional.dtd">
<html xmlns="http://www.w3.org/1999/xhtml" xml:lang="en" lang="en">
 <head>
  <title>
</title>
<meta http-equiv="Content-Type" content="text/html;charset=utf-8" />
  <meta name='ocr-system' content='tesseract 3.04.00' />
  <meta name='ocr-capabilities' content='ocr_page ocr_carea ocr_par ocr_line ocrx_word'/>
</head>
<body>
  <div class='ocr_page' id='page_1' title='image "./theologiamorali08ligugoog_0099.png"; bbox 0 0 2884 4684; ppageno 0'>
   <div class='ocr_carea' id='block_1_1' title="bbox 235 199 1189 336">
    <p class='ocr_par' dir='ltr' id='par_1_1' title="bbox 235 199 1189 336">
     <span class='ocr_line' id='line_1_1' title="bbox 235 199 1189 336; baseline 0 -26"><span class='ocrx_word' id='word_1_1' title='bbox 235 265 239 272; x_wconf 74' lang='grc'><strong>’</strong></span> <span class='ocrx_word' id='word_1_2' title='bbox 263 241 346 336; x_wconf 83' lang='lat' dir='ltr'><strong>Cap.</strong></span> <span class='ocrx_word' id='word_1_3' title='bbox 363 239 408 308; x_wconf 88' lang='lat' dir='ltr'><strong>ll.</strong></span> <span class='ocrx_word' id='word_1_4' title='bbox 423 219 513 308; x_wconf 83' lang='lat' dir='ltr'><strong>Ilub.</strong></span> <span class='ocrx_word' id='word_1_5' title='bbox 531 239 574 307; x_wconf 86' lang='grc' dir='ltr'><strong>ΙΙ.</strong></span> <span class='ocrx_word' id='word_1_6' title='bbox 591 235 643 309; x_wconf 85' lang='lat' dir='ltr'><strong>De</strong></span> <span class='ocrx_word' id='word_1_7' title='bbox 659 229 802 333; x_wconf 74' lang='lat' dir='ltr'><strong>subjeuo</strong></span> <span class='ocrx_word' id='word_1_8' title='bbox 814 199 1037 310; x_wconf 62' lang='lat' dir='ltr'><strong>bucharistiae.</strong></span> <span class='ocrx_word' id='word_1_9' title='bbox 1148 264 1189 332; x_wconf 82' lang='lat'><strong>9¹</strong></span> 
     </span>
    </p>
   </div>
   <div class='ocr_carea' id='block_1_2' title="bbox 19 349 1251 4191">
    <p class='ocr_par' dir='ltr' id='par_1_2' title="bbox 19 349 1191 453">
     <span class='ocr_line' id='line_1_2' title="bbox 19 349 1191 453; baseline 0.001 -28"><span class='ocrx_word' id='word_1_10' title='bbox 19 393 20 440; x_wconf 80' lang='lat' dir='ltr'><strong>t</strong></span> <span class='ocrx_word' id='word_1_11' title='bbox 125 351 217 425; x_wconf 75' lang='lat' dir='ltr'><strong>edim</strong></span> <span class='ocrx_word' id='word_1_12' title='bbox 231 368 418 426; x_wconf 81' lang='lat' dir='ltr'><strong>externam</strong></span> <span class='ocrx_word' id='word_1_13' title='bbox 438 349 732 450; x_wconf 89' lang='lat' dir='ltr'><strong>protectionem,</strong></span> <span class='ocrx_word' id='word_1_14' title='bbox 751 353 824 450; x_wconf 73' lang='lat' dir='ltr'><strong>qud</strong></span> <span class='ocrx_word' id='word_1_15' title='bbox 844 351 941 424; x_wconf 87' lang='lat' dir='ltr'><strong>Deus</strong></span> <span class='ocrx_word' id='word_1_16' title='bbox 964 371 1038 450; x_wconf 80' lang='lat' dir='ltr'><strong>nou</strong></span> <span class='ocrx_word' id='word_1_17' title='bbox 1054 354 1191 453; x_wconf 88' lang='lat' dir='ltr'><strong>permi-</strong></span> 
     </span>
    </p>

    <p class='ocr_par' dir='ltr' id='par_1_3' title="bbox 123 449 1191 551">
     <span class='ocr_line' id='line_1_3' title="bbox 123 449 1191 551; baseline 0.004 -30"><span class='ocrx_word' id='word_1_18' title='bbox 123 464 193 539; x_wconf 92' lang='lat' dir='ltr'><strong>tet,</strong></span> <span class='ocrx_word' id='word_1_19' title='bbox 220 467 262 525; x_wconf 91' lang='lat' dir='ltr'><strong>ut</strong></span> <span class='ocrx_word' id='word_1_20' title='bbox 287 451 399 526; x_wconf 91' lang='lat' dir='ltr'><strong>bomo</strong></span> <span class='ocrx_word' id='word_1_21' title='bbox 427 466 592 523; x_wconf 76' lang='lat' dir='ltr'><strong>versetur</strong></span> <span class='ocrx_word' id='word_1_22' title='bbox 614 450 654 521; x_wconf 89' lang='lat' dir='ltr'><strong>in</strong></span> <span class='ocrx_word' id='word_1_23' title='bbox 682 450 964 535; x_wconf 89' lang='lat' dir='ltr'><strong>occasionibus,</strong></span> <span class='ocrx_word' id='word_1_24' title='bbox 985 449 1025 524; x_wconf 90' lang='lat' dir='ltr'><strong>in</strong></span> <span class='ocrx_word' id='word_1_25' title='bbox 1055 449 1191 551; x_wconf 86' lang='lat' dir='ltr'><strong>quibus</strong></span> 
     </span>
    </p>

    <p class='ocr_par' dir='ltr' id='par_1_4' title="bbox 19 546 1191 645">
     <span class='ocr_line' id='line_1_4' title="bbox 19 546 1191 645; baseline 0.003 -26"><span class='ocrx_word' id='word_1_26' title='bbox 19 597 20 632; x_wconf 68' lang='lat'><strong>,</strong></span> <span class='ocrx_word' id='word_1_27' title='bbox 74 579 78 588; x_wconf 93' lang='lat'><strong>·</strong></span> <span class='ocrx_word' id='word_1_28' title='bbox 125 548 285 645; x_wconf 74' lang='lat' dir='ltr'><strong>praevidet</strong></span> <span class='ocrx_word' id='word_1_29' title='bbox 297 550 396 623; x_wconf 88' lang='lat' dir='ltr'><strong>Deus</strong></span> <span class='ocrx_word' id='word_1_30' title='bbox 414 548 521 621; x_wconf 91' lang='lat' dir='ltr'><strong>illum</strong></span> <span class='ocrx_word' id='word_1_31' title='bbox 539 574 727 621; x_wconf 84' lang='lat' dir='ltr'><strong>casurum.</strong></span> <span class='ocrx_word' id='word_1_32' title='bbox 742 546 908 622; x_wconf 85' lang='lat' dir='ltr'><strong>Effectus</strong></span> <span class='ocrx_word' id='word_1_33' title='bbox 920 547 983 638; x_wconf 84' lang='lat' dir='ltr'><strong>I&#39;V.</strong></span> <span class='ocrx_word' id='word_1_34' title='bbox 998 562 1052 622; x_wconf 87' lang='lat' dir='ltr'><strong>est</strong></span> <span class='ocrx_word' id='word_1_35' title='bbox 1066 552 1191 641; x_wconf 84' lang='lat' dir='ltr'><strong>remit·</strong></span> 
     </span>
    </p>

    <p class='ocr_par' dir='ltr' id='par_1_5' title="bbox 19 644 1190 748">
     <span class='ocr_line' id='line_1_5' title="bbox 19 644 1190 748; baseline 0.003 -30"><span class='ocrx_word' id='word_1_36' title='bbox 19 647 20 650; x_wconf 66' lang='grc'>’</span> <span class='ocrx_word' id='word_1_37' title='bbox 124 661 185 719; x_wconf 86' lang='lat' dir='ltr'><strong>tere</strong></span> <span class='ocrx_word' id='word_1_38' title='bbox 207 674 353 747; x_wconf 83' lang='lat' dir='ltr'><strong>poenam</strong></span> <span class='ocrx_word' id='word_1_39' title='bbox 379 644 616 746; x_wconf 78' lang='lat' dir='ltr'><strong>temporalem</strong></span> <span class='ocrx_word' id='word_1_40' title='bbox 649 645 811 720; x_wconf 86' lang='lat' dir='ltr'><strong>dehitam</strong></span> <span class='ocrx_word' id='word_1_41' title='bbox 832 673 900 748; x_wconf 93' lang='lat' dir='ltr'><strong>pro</strong></span> <span class='ocrx_word' id='word_1_42' title='bbox 917 649 1097 747; x_wconf 82' lang='lat' dir='ltr'><strong>peccatis3</strong></span> <span class='ocrx_word' id='word_1_43' title='bbox 1118 648 1190 721; x_wconf 92' lang='lat' dir='ltr'><strong>boc</strong></span> 
     </span>
    </p>

    <p class='ocr_par' dir='ltr' id='par_1_6' title="bbox 19 742 1192 830">
     <span class='ocr_line' id='line_1_6' title="bbox 19 742 1192 830; baseline 0.003 -15"><span class='ocrx_word' id='word_1_44' title='bbox 19 797 20 808; x_wconf 34' lang='lat' dir='ltr'><strong>t</strong></span> <span class='ocrx_word' id='word_1_45' title='bbox 124 761 236 819; x_wconf 82' lang='lat' dir='ltr'><strong>autem</strong></span> <span class='ocrx_word' id='word_1_46' title='bbox 260 772 338 820; x_wconf 91' lang='lat' dir='ltr'><strong>non</strong></span> <span class='ocrx_word' id='word_1_47' title='bbox 370 744 539 830; x_wconf 73' lang='lat' dir='ltr'><strong>directi,</strong></span> <span class='ocrx_word' id='word_1_48' title='bbox 569 743 635 817; x_wconf 84' lang='lat' dir='ltr'><strong>scd</strong></span> <span class='ocrx_word' id='word_1_49' title='bbox 659 742 840 818; x_wconf 75' lang='lat' dir='ltr'><strong>indirecte</strong></span> <span class='ocrx_word' id='word_1_50' title='bbox 869 748 1008 818; x_wconf 88' lang='lat' dir='ltr'><strong>ratione</strong></span> <span class='ocrx_word' id='word_1_51' title='bbox 1037 760 1192 819; x_wconf 79' lang='lat' dir='ltr'><strong>actuum</strong></span> 
     </span>
    </p>

    <p class='ocr_par' dir='ltr' id='par_1_7' title="bbox 19 842 1192 945">
     <span class='ocr_line' id='line_1_7' title="bbox 19 842 1192 945; baseline 0.003 -32"><span class='ocrx_word' id='word_1_52' title='bbox 19 889 20 902; x_wconf 44' lang='lat' dir='ltr'><strong>t</strong></span> <span class='ocrx_word' id='word_1_53' title='bbox 105 843 292 917; x_wconf 72' lang='lat' dir='ltr'><strong>charitatis</strong></span> <span class='ocrx_word' id='word_1_54' title='bbox 312 901 322 934; x_wconf 91' lang='lat'><strong>,</strong></span> <span class='ocrx_word' id='word_1_55' title='bbox 347 845 499 945; x_wconf 84' lang='lat' dir='ltr'><strong>quiper</strong></span> <span class='ocrx_word' id='word_1_56' title='bbox 515 843 794 917; x_wconf 78' lang='lat' dir='ltr'><strong>Sacramentum</strong></span> <span class='ocrx_word' id='word_1_57' title='bbox 808 847 1037 930; x_wconf 83' lang='lat' dir='ltr'><strong>excitantur,</strong></span> <span class='ocrx_word' id='word_1_58' title='bbox 1058 859 1100 917; x_wconf 88' lang='lat' dir='ltr'><strong>ut</strong></span> <span class='ocrx_word' id='word_1_59' title='bbox 1118 842 1192 917; x_wconf 88' lang='lat' dir='ltr'><strong>do-</strong></span> 
     </span>
    </p>

    <p class='ocr_par' dir='ltr' id='par_1_8' title="bbox 19 941 1230 1534">
     <span class='ocr_line' id='line_1_8' title="bbox 19 941 1194 1042; baseline -0.003 -24"><span class='ocrx_word' id='word_1_60' title='bbox 19 1013 20 1018; x_wconf 75' lang='grc'>,</span> <span class='ocrx_word' id='word_1_61' title='bbox 120 956 169 1014; x_wconf 86' lang='lat' dir='ltr'><strong>eet</strong></span> <span class='ocrx_word' id='word_1_62' title='bbox 186 941 222 1015; x_wconf 89' lang='lat' dir='ltr'><strong>S.</strong></span> <span class='ocrx_word' id='word_1_63' title='bbox 242 941 310 1014; x_wconf 78' lang='lat' dir='ltr'><strong>Tb.</strong></span> <span class='ocrx_word' id='word_1_64' title='bbox 324 970 363 1037; x_wconf 86' lang='lat' dir='ltr'><strong>p.</strong></span> <span class='ocrx_word' id='word_1_65' title='bbox 393 941 758 1042; x_wconf 72' lang='lat' dir='ltr'><strong>Sq.79nrt.5cum</strong></span> <span class='ocrx_word' id='word_1_66' title='bbox 774 942 1070 1037; x_wconf 77' lang='lat' dir='ltr'><strong>Saltn.cap.6n.</strong></span> <span class='ocrx_word' id='word_1_67' title='bbox 1092 943 1135 1017; x_wconf 84' lang='lat' dir='ltr'><strong>3s</strong></span> <span class='ocrx_word' id='word_1_68' title='bbox 1156 957 1194 1014; x_wconf 84' lang='lat' dir='ltr'><strong>et</strong></span> 
     </span>
     <span class='ocr_line' id='line_1_9' title="bbox 117 1037 1191 1142; baseline 0.003 -32"><span class='ocrx_word' id='word_1_69' title='bbox 117 1039 217 1114; x_wconf 79' lang='lat' dir='ltr'><strong>Cone.</strong></span> <span class='ocrx_word' id='word_1_70' title='bbox 236 1068 279 1142; x_wconf 78' lang='lat' dir='ltr'><strong>p.</strong></span> <span class='ocrx_word' id='word_1_71' title='bbox 300 1040 372 1116; x_wconf 82' lang='lat'><strong>330</strong></span> <span class='ocrx_word' id='word_1_72' title='bbox 396 1065 431 1111; x_wconf 83' lang='lat' dir='ltr'><strong>n.</strong></span> <span class='ocrx_word' id='word_1_73' title='bbox 457 1061 492 1139; x_wconf 87' lang='lat'><strong>7.</strong></span> <span class='ocrx_word' id='word_1_74' title='bbox 518 1037 680 1114; x_wconf 85' lang='lat' dir='ltr'><strong>Effectus</strong></span> <span class='ocrx_word' id='word_1_75' title='bbox 708 1039 757 1113; x_wconf 84' lang='lat' dir='ltr'><strong>V.</strong></span> <span class='ocrx_word' id='word_1_76' title='bbox 788 1056 842 1113; x_wconf 87' lang='lat' dir='ltr'><strong>est</strong></span> <span class='ocrx_word' id='word_1_77' title='bbox 858 1038 1013 1113; x_wconf 88' lang='lat' dir='ltr'><strong>actualis</strong></span> <span class='ocrx_word' id='word_1_78' title='bbox 1029 1037 1191 1114; x_wconf 77' lang='lat' dir='ltr'><strong>dulcedo</strong></span> 
     </span>
     <span class='ocr_line' id='line_1_10' title="bbox 116 1136 1191 1251; baseline 0.003 -42"><span class='ocrx_word' id='word_1_79' title='bbox 116 1137 330 1234; x_wconf 86' lang='lat' dir='ltr'><strong>spiritualis,</strong></span> <span class='ocrx_word' id='word_1_80' title='bbox 351 1137 417 1239; x_wconf 88' lang='lat' dir='ltr'><strong>qui</strong></span> <span class='ocrx_word' id='word_1_81' title='bbox 433 1138 586 1212; x_wconf 90' lang='lat' dir='ltr'><strong>effectus</strong></span> <span class='ocrx_word' id='word_1_82' title='bbox 602 1154 657 1211; x_wconf 87' lang='lat' dir='ltr'><strong>est</strong></span> <span class='ocrx_word' id='word_1_83' title='bbox 682 1136 834 1251; x_wconf 79' lang='lat' dir='ltr'><strong>quidem</strong></span> <span class='ocrx_word' id='word_1_84' title='bbox 850 1138 1051 1226; x_wconf 79' lang='lat' dir='ltr'><strong>infallibis,</strong></span> <span class='ocrx_word' id='word_1_85' title='bbox 1065 1139 1096 1212; x_wconf 88' lang='lat' dir='ltr'><strong>si</strong></span> <span class='ocrx_word' id='word_1_86' title='bbox 1113 1163 1191 1212; x_wconf 91' lang='lat' dir='ltr'><strong>non</strong></span> 
     </span>
     <span class='ocr_line' id='line_1_11' title="bbox 116 1235 1191 1336; baseline 0.005 -30"><span class='ocrx_word' id='word_1_87' title='bbox 116 1236 311 1334; x_wconf 82' lang='lat' dir='ltr'><strong>impeditur</strong></span> <span class='ocrx_word' id='word_1_88' title='bbox 340 1263 383 1310; x_wconf 83' lang='lat' dir='ltr'><strong>ex</strong></span> <span class='ocrx_word' id='word_1_89' title='bbox 412 1247 515 1336; x_wconf 87' lang='lat' dir='ltr'><strong>parte</strong></span> <span class='ocrx_word' id='word_1_90' title='bbox 542 1235 700 1333; x_wconf 80' lang='lat' dir='ltr'><strong>subjecti</strong></span> <span class='ocrx_word' id='word_1_91' title='bbox 727 1238 926 1311; x_wconf 90' lang='lat' dir='ltr'><strong>:consistit</strong></span> <span class='ocrx_word' id='word_1_92' title='bbox 957 1250 1078 1310; x_wconf 84' lang='lat' dir='ltr'><strong>autem</strong></span> <span class='ocrx_word' id='word_1_93' title='bbox 1110 1235 1191 1311; x_wconf 87' lang='lat' dir='ltr'><strong>haec</strong></span> 
     </span>
     <span class='ocr_line' id='line_1_12' title="bbox 114 1333 1230 1436; baseline 0.002 -30"><span class='ocrx_word' id='word_1_94' title='bbox 114 1337 261 1407; x_wconf 86' lang='lat' dir='ltr'><strong>suavitas</strong></span> <span class='ocrx_word' id='word_1_95' title='bbox 289 1336 327 1407; x_wconf 92' lang='lat' dir='ltr'><strong>in</strong></span> <span class='ocrx_word' id='word_1_96' title='bbox 356 1334 649 1436; x_wconf 84' lang='lat' dir='ltr'><strong>promptitudine</strong></span> <span class='ocrx_word' id='word_1_97' title='bbox 674 1333 875 1408; x_wconf 88' lang='lat' dir='ltr'><strong>voluntatis</strong></span> <span class='ocrx_word' id='word_1_98' title='bbox 901 1333 1025 1410; x_wconf 89' lang='lat' dir='ltr'><strong>adres</strong></span> <span class='ocrx_word' id='word_1_99' title='bbox 1049 1335 1191 1432; x_wconf 82' lang='lat' dir='ltr'><strong>divinas</strong></span> <span class='ocrx_word' id='word_1_100' title='bbox 1227 1359 1230 1376; x_wconf 89' lang='lat'><em>·</em></span> 
     </span>
     <span class='ocr_line' id='line_1_13' title="bbox 114 1430 1192 1534; baseline 0.001 -31"><span class='ocrx_word' id='word_1_101' title='bbox 114 1430 219 1505; x_wconf 86' lang='lat' dir='ltr'><strong>hilari</strong></span> <span class='ocrx_word' id='word_1_102' title='bbox 235 1434 358 1505; x_wconf 86' lang='lat' dir='ltr'><strong>animo</strong></span> <span class='ocrx_word' id='word_1_103' title='bbox 373 1431 608 1534; x_wconf 81' lang='lat' dir='ltr'><strong>peragendas.</strong></span> <span class='ocrx_word' id='word_1_104' title='bbox 624 1432 787 1507; x_wconf 81' lang='lat' dir='ltr'><strong>Effectus</strong></span> <span class='ocrx_word' id='word_1_105' title='bbox 803 1435 867 1506; x_wconf 85' lang='lat' dir='ltr'><strong>VI.</strong></span> <span class='ocrx_word' id='word_1_106' title='bbox 883 1449 938 1510; x_wconf 85' lang='lat' dir='ltr'><strong>ost</strong></span> <span class='ocrx_word' id='word_1_107' title='bbox 954 1436 1042 1507; x_wconf 89' lang='lat' dir='ltr'><strong>unio</strong></span> <span class='ocrx_word' id='word_1_108' title='bbox 1054 1432 1192 1533; x_wconf 87' lang='lat' dir='ltr'><strong>specia-</strong></span> 
     </span>
    </p>

    <p class='ocr_par' dir='ltr' id='par_1_9' title="bbox 19 1528 1193 2222">
     <span class='ocr_line' id='line_1_14' title="bbox 19 1528 1192 1626; baseline 0.001 -23"><span class='ocrx_word' id='word_1_109' title='bbox 19 1575 20 1586; x_wconf 29' lang='grc' dir='ltr'><strong>κ</strong></span> <span class='ocrx_word' id='word_1_110' title='bbox 112 1528 158 1603; x_wconf 86' lang='lat' dir='ltr'><strong>lis</strong></span> <span class='ocrx_word' id='word_1_111' title='bbox 181 1558 262 1603; x_wconf 91' lang='lat' dir='ltr'><strong>cum</strong></span> <span class='ocrx_word' id='word_1_112' title='bbox 277 1531 446 1617; x_wconf 88' lang='lat' dir='ltr'><strong>Christo,</strong></span> <span class='ocrx_word' id='word_1_113' title='bbox 466 1548 501 1604; x_wconf 89' lang='lat' dir='ltr'><strong>et</strong></span> <span class='ocrx_word' id='word_1_114' title='bbox 521 1530 696 1604; x_wconf 88' lang='lat' dir='ltr'><strong>membris</strong></span> <span class='ocrx_word' id='word_1_115' title='bbox 724 1538 822 1626; x_wconf 80' lang='lat' dir='ltr'><strong>ejus,</strong></span> <span class='ocrx_word' id='word_1_116' title='bbox 847 1558 889 1605; x_wconf 84' lang='lat' dir='ltr'><strong>ex</strong></span> <span class='ocrx_word' id='word_1_117' title='bbox 901 1531 1011 1605; x_wconf 82' lang='lat' dir='ltr'><strong>Joen.</strong></span> <span class='ocrx_word' id='word_1_118' title='bbox 1023 1531 1059 1603; x_wconf 88' lang='lat'><strong>6.</strong></span> <span class='ocrx_word' id='word_1_119' title='bbox 1075 1532 1120 1604; x_wconf 85' lang='lat' dir='ltr'><strong>In</strong></span> <span class='ocrx_word' id='word_1_120' title='bbox 1135 1556 1192 1604; x_wconf 84' lang='lat' dir='ltr'><strong>me</strong></span> 
     </span>
     <span class='ocr_line' id='line_1_15' title="bbox 99 1627 1189 1736; baseline 0.002 -37"><span class='ocrx_word' id='word_1_121' title='bbox 99 1634 245 1718; x_wconf 58' lang='grc' dir='ltr'><strong>παπαί,</strong></span> <span class='ocrx_word' id='word_1_122' title='bbox 259 1643 295 1700; x_wconf 86' lang='lat' dir='ltr'><strong>et</strong></span> <span class='ocrx_word' id='word_1_123' title='bbox 309 1657 373 1730; x_wconf 75' lang='lat' dir='ltr'><strong>ego</strong></span> <span class='ocrx_word' id='word_1_124' title='bbox 390 1629 426 1701; x_wconf 85' lang='lat' dir='ltr'><strong>in</strong></span> <span class='ocrx_word' id='word_1_125' title='bbox 442 1627 500 1702; x_wconf 74' lang='lat'><strong>1710</strong></span> <span class='ocrx_word' id='word_1_126' title='bbox 517 1630 681 1703; x_wconf 88' lang='lat' dir='ltr'><strong>Effectus</strong></span> <span class='ocrx_word' id='word_1_127' title='bbox 696 1630 780 1701; x_wconf 92' lang='lat' dir='ltr'><strong>VII.</strong></span> <span class='ocrx_word' id='word_1_128' title='bbox 800 1646 854 1703; x_wconf 88' lang='lat' dir='ltr'><strong>est</strong></span> <span class='ocrx_word' id='word_1_129' title='bbox 869 1630 1016 1730; x_wconf 76' lang='lat' dir='ltr'><strong>adeptio</strong></span> <span class='ocrx_word' id='word_1_130' title='bbox 1035 1629 1189 1736; x_wconf 28' lang='lat' dir='ltr'><strong>gloriaep:</strong></span> 
     </span>
     <span class='ocr_line' id='line_1_16' title="bbox 112 1723 1191 1826; baseline 0.005 -29"><span class='ocrx_word' id='word_1_131' title='bbox 112 1725 181 1826; x_wconf 76' lang='lat' dir='ltr'><strong>Qui</strong></span> <span class='ocrx_word' id='word_1_132' title='bbox 199 1728 391 1801; x_wconf 82' lang='lat' dir='ltr'><strong>manducat</strong></span> <span class='ocrx_word' id='word_1_133' title='bbox 411 1723 506 1800; x_wconf 78' lang='lat' dir='ltr'><strong>hunc</strong></span> <span class='ocrx_word' id='word_1_134' title='bbox 532 1754 691 1823; x_wconf 83' lang='lat' dir='ltr'><strong>panem,</strong></span> <span class='ocrx_word' id='word_1_135' title='bbox 719 1729 809 1800; x_wconf 76' lang='lat' dir='ltr'><strong>ri&#39;vet</strong></span> <span class='ocrx_word' id='word_1_136' title='bbox 826 1727 862 1799; x_wconf 82' lang='lat' dir='ltr'><strong>in</strong></span> <span class='ocrx_word' id='word_1_137' title='bbox 889 1747 1065 1802; x_wconf 74' lang='lat' dir='ltr'><strong>eternum.</strong></span> <span class='ocrx_word' id='word_1_138' title='bbox 1088 1727 1191 1802; x_wconf 75' lang='lat' dir='ltr'><strong>Alios</strong></span> 
     </span>
     <span class='ocr_line' id='line_1_17' title="bbox 111 1823 1189 1928; baseline 0.002 -32"><span class='ocrx_word' id='word_1_139' title='bbox 111 1827 215 1897; x_wconf 76' lang='lat' dir='ltr'><strong>etiam</strong></span> <span class='ocrx_word' id='word_1_140' title='bbox 236 1825 388 1900; x_wconf 89' lang='lat' dir='ltr'><strong>effectus</strong></span> <span class='ocrx_word' id='word_1_141' title='bbox 409 1825 521 1899; x_wconf 88' lang='lat' dir='ltr'><strong>babet</strong></span> <span class='ocrx_word' id='word_1_142' title='bbox 549 1823 622 1899; x_wconf 91' lang='lat' dir='ltr'><strong>boc</strong></span> <span class='ocrx_word' id='word_1_143' title='bbox 638 1827 916 1904; x_wconf 81' lang='lat' dir='ltr'><strong>Sacramentum</strong></span> <span class='ocrx_word' id='word_1_144' title='bbox 933 1851 973 1900; x_wconf 91' lang='lat' dir='ltr'><strong>er</strong></span> <span class='ocrx_word' id='word_1_145' title='bbox 997 1852 1189 1928; x_wconf 79' lang='lat' dir='ltr'><strong>acorpus,</strong></span> 
     </span>
     <span class='ocr_line' id='line_1_18' title="bbox 110 1852 1191 2022; baseline 0.005 -28"><span class='ocrx_word' id='word_1_146' title='bbox 110 1937 152 1995; x_wconf 88' lang='lat' dir='ltr'><strong>ut</strong></span> <span class='ocrx_word' id='word_1_147' title='bbox 172 1936 297 1997; x_wconf 88' lang='lat' dir='ltr'><strong>tenent</strong></span> <span class='ocrx_word' id='word_1_148' title='bbox 313 1924 430 2022; x_wconf 69' lang='lat' dir='ltr'><strong>Lego,</strong></span> <span class='ocrx_word' id='word_1_149' title='bbox 447 1924 530 1997; x_wconf 79' lang='lat' dir='ltr'><strong>Pal.</strong></span> <span class='ocrx_word' id='word_1_150' title='bbox 557 1938 593 1996; x_wconf 83' lang='lat' dir='ltr'><strong>et</strong></span> <span class='ocrx_word' id='word_1_151' title='bbox 608 1923 710 1998; x_wconf 77' lang='lat' dir='ltr'><strong>Sunt.</strong></span> <span class='ocrx_word' id='word_1_152' title='bbox 733 1951 811 1999; x_wconf 83' lang='lat' dir='ltr'><strong>cum</strong></span> <span class='ocrx_word' id='word_1_153' title='bbox 831 1925 939 1998; x_wconf 85' lang='lat' dir='ltr'><strong>Sulm.</strong></span> <span class='ocrx_word' id='word_1_154' title='bbox 956 1852 1002 1997; x_wconf 73' lang='lat' dir='ltr'><strong>id.</strong></span> <span class='ocrx_word' id='word_1_155' title='bbox 1016 1950 1063 1996; x_wconf 78' lang='lat' dir='ltr'><strong>ex</strong></span> <span class='ocrx_word' id='word_1_156' title='bbox 1078 1951 1113 1997; x_wconf 86' lang='lat' dir='ltr'><strong>n.</strong></span> <span class='ocrx_word' id='word_1_157' title='bbox 1129 1925 1191 2000; x_wconf 80' lang='lat'><strong>36.</strong></span> 
     </span>
     <span class='ocr_line' id='line_1_19' title="bbox 111 2020 1193 2124; baseline 0.003 -32"><span class='ocrx_word' id='word_1_158' title='bbox 111 2020 251 2095; x_wconf 88' lang='lat' dir='ltr'><strong>scilicet</strong></span> <span class='ocrx_word' id='word_1_159' title='bbox 277 2021 510 2097; x_wconf 91' lang='lat' dir='ltr'><strong>diminuendi</strong></span> <span class='ocrx_word' id='word_1_160' title='bbox 538 2021 701 2095; x_wconf 79' lang='lat' dir='ltr'><strong>fomitem</strong></span> <span class='ocrx_word' id='word_1_161' title='bbox 729 2024 1061 2124; x_wconf 70' lang='lat' dir='ltr'><strong>concupiscentie.</strong></span> <span class='ocrx_word' id='word_1_162' title='bbox 1091 2021 1193 2097; x_wconf 87' lang='lat' dir='ltr'><strong>exci-</strong></span> 
     </span>
     <span class='ocr_line' id='line_1_20' title="bbox 109 2119 1192 2222; baseline 0.004 -33"><span class='ocrx_word' id='word_1_163' title='bbox 109 2119 211 2194; x_wconf 90' lang='lat' dir='ltr'><strong>tandi</strong></span> <span class='ocrx_word' id='word_1_164' title='bbox 228 2119 342 2192; x_wconf 90' lang='lat' dir='ltr'><strong>bonas</strong></span> <span class='ocrx_word' id='word_1_165' title='bbox 358 2122 636 2221; x_wconf 81' lang='lat' dir='ltr'><strong>imaginationes</strong></span> <span class='ocrx_word' id='word_1_166' title='bbox 651 2176 660 2207; x_wconf 90' lang='lat'><strong>,</strong></span> <span class='ocrx_word' id='word_1_167' title='bbox 673 2121 798 2219; x_wconf 88' lang='lat' dir='ltr'><strong>ipsum</strong></span> <span class='ocrx_word' id='word_1_168' title='bbox 807 2147 941 2222; x_wconf 88' lang='lat' dir='ltr'><strong>corpus</strong></span> <span class='ocrx_word' id='word_1_169' title='bbox 958 2124 1192 2210; x_wconf 85' lang='lat' dir='ltr'><strong>sanctifican-</strong></span> 
     </span>
    </p>

    <p class='ocr_par' dir='ltr' id='par_1_10' title="bbox 19 2215 1195 2320">
     <span class='ocr_line' id='line_1_21' title="bbox 19 2215 1195 2320; baseline 0.006 -35"><span class='ocrx_word' id='word_1_170' title='bbox 19 2231 20 2284; x_wconf 79' lang='lat' dir='ltr'><strong>t</strong></span> <span class='ocrx_word' id='word_1_171' title='bbox 110 2215 169 2307; x_wconf 92' lang='lat' dir='ltr'><strong>di,</strong></span> <span class='ocrx_word' id='word_1_172' title='bbox 197 2221 346 2320; x_wconf 90' lang='lat' dir='ltr'><strong>corpori</strong></span> <span class='ocrx_word' id='word_1_173' title='bbox 372 2219 565 2292; x_wconf 88' lang='lat' dir='ltr'><strong>tribuendi</strong></span> <span class='ocrx_word' id='word_1_174' title='bbox 592 2221 924 2311; x_wconf 84' lang='lat' dir='ltr'><strong>resurrectionem,</strong></span> <span class='ocrx_word' id='word_1_175' title='bbox 960 2235 997 2293; x_wconf 86' lang='lat' dir='ltr'><strong>et</strong></span> <span class='ocrx_word' id='word_1_176' title='bbox 1026 2218 1195 2318; x_wconf 82' lang='lat' dir='ltr'><strong>gloriam.</strong></span> 
     </span>
    </p>

    <p class='ocr_par' dir='ltr' id='par_1_11' title="bbox 19 2315 1192 2518">
     <span class='ocr_line' id='line_1_22' title="bbox 19 2315 1191 2419; baseline 0.003 -31"><span class='ocrx_word' id='word_1_177' title='bbox 19 2321 20 2350; x_wconf 66' lang='lat'>¹</span> <span class='ocrx_word' id='word_1_178' title='bbox 110 2315 228 2391; x_wconf 70' lang='lat' dir='ltr'><strong>Valde</strong></span> <span class='ocrx_word' id='word_1_179' title='bbox 260 2332 382 2390; x_wconf 87' lang='lat' dir='ltr'><strong>autem</strong></span> <span class='ocrx_word' id='word_1_180' title='bbox 412 2316 601 2414; x_wconf 78' lang='lat' dir='ltr'><strong>probabile</strong></span> <span class='ocrx_word' id='word_1_181' title='bbox 635 2330 691 2392; x_wconf 91' lang='lat' dir='ltr'><strong>est</strong></span> <span class='ocrx_word' id='word_1_182' title='bbox 719 2374 730 2408; x_wconf 92' lang='lat'><strong>,</strong></span> <span class='ocrx_word' id='word_1_183' title='bbox 760 2320 898 2419; x_wconf 88' lang='lat' dir='ltr'><strong>species</strong></span> <span class='ocrx_word' id='word_1_184' title='bbox 929 2320 1191 2409; x_wconf 76' lang='lat' dir='ltr'><strong>consecratas,</strong></span> 
     </span>
     <span class='ocr_line' id='line_1_23' title="bbox 112 2414 1192 2518; baseline 0.004 -32"><span class='ocrx_word' id='word_1_185' title='bbox 112 2414 288 2513; x_wconf 82' lang='lat' dir='ltr'><strong>quamdiii</strong></span> <span class='ocrx_word' id='word_1_186' title='bbox 306 2418 447 2500; x_wconf 84' lang='lat' dir='ltr'><strong>suntin</strong></span> <span class='ocrx_word' id='word_1_187' title='bbox 464 2415 652 2490; x_wconf 83' lang='lat' dir='ltr'><strong>stomacho</strong></span> <span class='ocrx_word' id='word_1_188' title='bbox 670 2471 679 2502; x_wconf 89' lang='lat'><strong>,</strong></span> <span class='ocrx_word' id='word_1_189' title='bbox 698 2419 855 2518; x_wconf 82' lang='lat' dir='ltr'><strong>majores</strong></span> <span class='ocrx_word' id='word_1_190' title='bbox 870 2418 1002 2513; x_wconf 80' lang='lat' dir='ltr'><strong>gratias</strong></span> <span class='ocrx_word' id='word_1_191' title='bbox 1019 2425 1192 2504; x_wconf 80' lang='lat' dir='ltr'><strong>causare,</strong></span> 
     </span>
    </p>

    <p class='ocr_par' dir='ltr' id='par_1_12' title="bbox 19 2513 1193 2711">
     <span class='ocr_line' id='line_1_24' title="bbox 19 2513 1193 2615; baseline 0.002 -30"><span class='ocrx_word' id='word_1_192' title='bbox 19 2535 20 2538; x_wconf 72' lang='grc'>’</span> <span class='ocrx_word' id='word_1_193' title='bbox 107 2514 237 2612; x_wconf 82' lang='lat' dir='ltr'><strong>majori</strong></span> <span class='ocrx_word' id='word_1_194' title='bbox 264 2513 505 2615; x_wconf 87' lang='lat' dir='ltr'><strong>dispositione</strong></span> <span class='ocrx_word' id='word_1_195' title='bbox 525 2514 749 2602; x_wconf 87' lang='lat' dir='ltr'><strong>accedente,</strong></span> <span class='ocrx_word' id='word_1_196' title='bbox 780 2530 823 2588; x_wconf 87' lang='lat' dir='ltr'><strong>ut</strong></span> <span class='ocrx_word' id='word_1_197' title='bbox 844 2515 1002 2594; x_wconf 78' lang='lat' dir='ltr'><strong>Croixn.</strong></span> <span class='ocrx_word' id='word_1_198' title='bbox 1017 2514 1193 2610; x_wconf 59' lang='lat' dir='ltr'><strong>babeam</strong></span> 
     </span>
     <span class='ocr_line' id='line_1_25' title="bbox 109 2610 1030 2711; baseline 0.003 -28"><span class='ocrx_word' id='word_1_199' title='bbox 109 2611 198 2684; x_wconf 86' lang='lat' dir='ltr'><strong>Con.</strong></span> <span class='ocrx_word' id='word_1_200' title='bbox 214 2610 316 2683; x_wconf 84' lang='lat' dir='ltr'><strong>Suar.</strong></span> <span class='ocrx_word' id='word_1_201' title='bbox 337 2612 416 2706; x_wconf 70' lang='lat' dir='ltr'><strong>Cas.</strong></span> <span class='ocrx_word' id='word_1_202' title='bbox 442 2613 517 2685; x_wconf 80' lang='lat' dir='ltr'><strong>Vat.</strong></span> <span class='ocrx_word' id='word_1_203' title='bbox 534 2613 646 2711; x_wconf 69' lang='lat' dir='ltr'><strong>Lego.</strong></span> <span class='ocrx_word' id='word_1_204' title='bbox 664 2610 762 2684; x_wconf 87' lang='lat' dir='ltr'><strong>Vide</strong></span> <span class='ocrx_word' id='word_1_205' title='bbox 781 2612 877 2686; x_wconf 87' lang='lat' dir='ltr'><strong>dicta</strong></span> <span class='ocrx_word' id='word_1_206' title='bbox 892 2638 929 2684; x_wconf 88' lang='lat' dir='ltr'><strong>n.</strong></span> <span class='ocrx_word' id='word_1_207' title='bbox 946 2635 1030 2710; x_wconf 79' lang='lat'><strong>227.</strong></span> 
     </span>
    </p>

    <p class='ocr_par' dir='ltr' id='par_1_13' title="bbox 19 2709 1251 3697">
     <span class='ocr_line' id='line_1_26' title="bbox 19 2709 1251 2832; baseline 0.001 -49"><span class='ocrx_word' id='word_1_208' title='bbox 19 2721 20 2740; x_wconf 66' lang='lat'>¹</span> <span class='ocrx_word' id='word_1_209' title='bbox 153 2711 280 2802; x_wconf 86' lang='lat' dir='ltr'><strong>Quaer.</strong></span> <span class='ocrx_word' id='word_1_210' title='bbox 310 2710 341 2784; x_wconf 88' lang='grc' dir='ltr'><strong>Ι.</strong></span> <span class='ocrx_word' id='word_1_211' title='bbox 367 2714 423 2783; x_wconf 82' lang='lat' dir='ltr'><strong>An</strong></span> <span class='ocrx_word' id='word_1_212' title='bbox 448 2709 623 2785; x_wconf 88' lang='lat' dir='ltr'><strong>accedere</strong></span> <span class='ocrx_word' id='word_1_213' title='bbox 648 2709 696 2783; x_wconf 91' lang='lat' dir='ltr'><strong>ad</strong></span> <span class='ocrx_word' id='word_1_214' title='bbox 710 2710 984 2785; x_wconf 88' lang='lat' dir='ltr'><strong>Eucharistiam</strong></span> <span class='ocrx_word' id='word_1_215' title='bbox 1000 2737 1086 2808; x_wconf 86' lang='lat' dir='ltr'><strong>cum</strong></span> <span class='ocrx_word' id='word_1_216' title='bbox 1101 2735 1251 2832; x_wconf 67' lang='lat' dir='ltr'><strong>vpec·²70</strong></span> 
     </span>
     <span class='ocr_line' id='line_1_27' title="bbox 110 2806 1194 2895; baseline 0.002 -15"><span class='ocrx_word' id='word_1_217' title='bbox 110 2822 190 2882; x_wconf 86' lang='lat' dir='ltr'><strong>cato</strong></span> <span class='ocrx_word' id='word_1_218' title='bbox 211 2808 343 2882; x_wconf 87' lang='lat' dir='ltr'><strong>veniali</strong></span> <span class='ocrx_word' id='word_1_219' title='bbox 359 2807 567 2895; x_wconf 87' lang='lat' dir='ltr'><strong>habituali,</strong></span> <span class='ocrx_word' id='word_1_220' title='bbox 589 2808 636 2882; x_wconf 93' lang='lat' dir='ltr'><strong>sit</strong></span> <span class='ocrx_word' id='word_1_221' title='bbox 657 2833 792 2881; x_wconf 87' lang='lat' dir='ltr'><strong>novum</strong></span> <span class='ocrx_word' id='word_1_222' title='bbox 812 2806 983 2881; x_wconf 86' lang='lat' dir='ltr'><strong>veniale?</strong></span> <span class='ocrx_word' id='word_1_223' title='bbox 1002 2808 1194 2883; x_wconf 79' lang='lat' dir='ltr'><strong>Affirmant</strong></span> 
     </span>
     <span class='ocr_line' id='line_1_28' title="bbox 108 2904 1192 3006; baseline 0.003 -28"><span class='ocrx_word' id='word_1_224' title='bbox 108 2904 281 3004; x_wconf 55' lang='grc' dir='ltr'><strong>λογων.</strong></span> <span class='ocrx_word' id='word_1_225' title='bbox 294 2910 355 2997; x_wconf 64' lang='lat' dir='ltr'><strong>ic.</strong></span> <span class='ocrx_word' id='word_1_226' title='bbox 369 2906 438 2980; x_wconf 86' lang='lat' dir='ltr'><strong>6n.</strong></span> <span class='ocrx_word' id='word_1_227' title='bbox 459 2907 494 2981; x_wconf 85' lang='lat'><strong>3.·</strong></span> <span class='ocrx_word' id='word_1_228' title='bbox 513 2923 549 2979; x_wconf 83' lang='lat' dir='ltr'><strong>et</strong></span> <span class='ocrx_word' id='word_1_229' title='bbox 566 2908 694 2993; x_wconf 77' lang='lat' dir='ltr'><strong>Cone..</strong></span> <span class='ocrx_word' id='word_1_230' title='bbox 717 2934 761 2980; x_wconf 84' lang='lat' dir='ltr'><strong>ac</strong></span> <span class='ocrx_word' id='word_1_231' title='bbox 785 2907 863 2981; x_wconf 78' lang='lat' dir='ltr'><strong>Dt&#39;c.</strong></span> <span class='ocrx_word' id='word_1_232' title='bbox 884 2907 982 3002; x_wconf 77' lang='lat' dir='ltr'><strong>apud</strong></span> <span class='ocrx_word' id='word_1_233' title='bbox 993 2904 1103 2978; x_wconf 84' lang='lat' dir='ltr'><strong>Sclm.</strong></span> <span class='ocrx_word' id='word_1_234' title='bbox 1120 2911 1192 3006; x_wconf 82' lang='lat' dir='ltr'><strong>c.&#39;7</strong></span> 
     </span>
     <span class='ocr_line' id='line_1_29' title="bbox 110 3003 1192 3104; baseline 0.006 -29"><span class='ocrx_word' id='word_1_235' title='bbox 110 3029 144 3075; x_wconf 84' lang='lat' dir='ltr'><strong>n.</strong></span> <span class='ocrx_word' id='word_1_236' title='bbox 163 3004 481 3079; x_wconf 76' lang='lat' dir='ltr'><strong>aoProbabiliter</strong></span> <span class='ocrx_word' id='word_1_237' title='bbox 506 3003 595 3079; x_wconf 80' lang='lat' dir='ltr'><strong>verb</strong></span> <span class='ocrx_word' id='word_1_238' title='bbox 621 3022 760 3103; x_wconf 83' lang='lat' dir='ltr'><strong>negant</strong></span> <span class='ocrx_word' id='word_1_239' title='bbox 774 3004 889 3096; x_wconf 76' lang='lat' dir='ltr'><strong>Solus,</strong></span> <span class='ocrx_word' id='word_1_240' title='bbox 905 3004 971 3088; x_wconf 82' lang='lat' dir='ltr'><strong>Sa,</strong></span> <span class='ocrx_word' id='word_1_241' title='bbox 993 3007 1103 3104; x_wconf 84' lang='lat' dir='ltr'><strong>Vasq.</strong></span> <span class='ocrx_word' id='word_1_242' title='bbox 1127 3021 1192 3082; x_wconf 77' lang='lat' dir='ltr'><strong>ete.</strong></span> 
     </span>
     <span class='ocr_line' id='line_1_30' title="bbox 113 3102 1192 3204; baseline 0.001 -28"><span class='ocrx_word' id='word_1_243' title='bbox 113 3128 194 3176; x_wconf 91' lang='lat' dir='ltr'><strong>cum</strong></span> <span class='ocrx_word' id='word_1_244' title='bbox 219 3102 349 3176; x_wconf 90' lang='lat' dir='ltr'><strong>iisdem</strong></span> <span class='ocrx_word' id='word_1_245' title='bbox 369 3102 477 3176; x_wconf 80' lang='lat' dir='ltr'><strong>Salui.</strong></span> <span class='ocrx_word' id='word_1_246' title='bbox 495 3131 531 3176; x_wconf 88' lang='lat' dir='ltr'><strong>n.</strong></span> <span class='ocrx_word' id='word_1_247' title='bbox 545 3104 747 3189; x_wconf 80' lang='lat' dir='ltr'><strong>at.Ratio,</strong></span> <span class='ocrx_word' id='word_1_248' title='bbox 768 3119 848 3175; x_wconf 88' lang='lat' dir='ltr'><strong>tum</strong></span> <span class='ocrx_word' id='word_1_249' title='bbox 877 3105 964 3204; x_wconf 84' lang='lat' dir='ltr'><strong>quia</strong></span> <span class='ocrx_word' id='word_1_250' title='bbox 981 3102 1052 3176; x_wconf 91' lang='lat' dir='ltr'><strong>boc</strong></span> <span class='ocrx_word' id='word_1_251' title='bbox 1069 3102 1192 3203; x_wconf 75' lang='lat' dir='ltr'><strong>potius</strong></span> 
     </span>
     <span class='ocr_line' id='line_1_31' title="bbox 112 3201 1195 3301; baseline 0.005 -30"><span class='ocrx_word' id='word_1_252' title='bbox 112 3217 160 3275; x_wconf 88' lang='lat' dir='ltr'><strong>est</strong></span> <span class='ocrx_word' id='word_1_253' title='bbox 191 3201 399 3276; x_wconf 81' lang='lat' dir='ltr'><strong>deficientia</strong></span> <span class='ocrx_word' id='word_1_254' title='bbox 433 3201 603 3301; x_wconf 81' lang='lat' dir='ltr'><strong>perlectae</strong></span> <span class='ocrx_word' id='word_1_255' title='bbox 640 3203 870 3284; x_wconf 72' lang='lat' dir='ltr'><strong>reverentiae,</strong></span> <span class='ocrx_word' id='word_1_256' title='bbox 901 3206 1012 3301; x_wconf 76' lang='lat' dir='ltr'><strong>quim</strong></span> <span class='ocrx_word' id='word_1_257' title='bbox 1043 3204 1195 3300; x_wconf 75' lang='lat' dir='ltr'><strong>positiia</strong></span> 
     </span>
     <span class='ocr_line' id='line_1_32' title="bbox 112 3299 1193 3401; baseline 0.003 -31"><span class='ocrx_word' id='word_1_258' title='bbox 112 3299 342 3374; x_wconf 82' lang='lat' dir='ltr'><strong>irreverentia</strong></span> <span class='ocrx_word' id='word_1_259' title='bbox 359 3330 368 3370; x_wconf 91' lang='lat'>:</span> <span class='ocrx_word' id='word_1_260' title='bbox 384 3316 464 3373; x_wconf 92' lang='lat' dir='ltr'><strong>tum</strong></span> <span class='ocrx_word' id='word_1_261' title='bbox 485 3302 570 3399; x_wconf 76' lang='lat' dir='ltr'><strong>quia</strong></span> <span class='ocrx_word' id='word_1_262' title='bbox 593 3301 672 3401; x_wconf 89' lang='lat' dir='ltr'><strong>ipsa</strong></span> <span class='ocrx_word' id='word_1_263' title='bbox 695 3299 867 3373; x_wconf 86' lang='lat' dir='ltr'><strong>voluntas</strong></span> <span class='ocrx_word' id='word_1_264' title='bbox 895 3300 1099 3397; x_wconf 86' lang='lat' dir='ltr'><strong>recipiendi</strong></span> <span class='ocrx_word' id='word_1_265' title='bbox 1115 3301 1193 3373; x_wconf 81' lang='lat' dir='ltr'><strong>Eti-</strong></span> 
     </span>
     <span class='ocr_line' id='line_1_33' title="bbox 108 3394 1194 3499; baseline 0.002 -30"><span class='ocrx_word' id='word_1_266' title='bbox 108 3394 338 3489; x_wconf 87' lang='lat' dir='ltr'><strong>cbaristiam,</strong></span> <span class='ocrx_word' id='word_1_267' title='bbox 361 3413 397 3471; x_wconf 86' lang='lat' dir='ltr'><strong>et</strong></span> <span class='ocrx_word' id='word_1_268' title='bbox 416 3404 495 3499; x_wconf 74' lang='lat' dir='ltr'><strong>eius</strong></span> <span class='ocrx_word' id='word_1_269' title='bbox 513 3399 685 3473; x_wconf 86' lang='lat' dir='ltr'><strong>effectum</strong></span> <span class='ocrx_word' id='word_1_270' title='bbox 703 3413 757 3472; x_wconf 88' lang='lat' dir='ltr'><strong>est</strong></span> <span class='ocrx_word' id='word_1_271' title='bbox 773 3398 941 3498; x_wconf 85' lang='lat' dir='ltr'><strong>quaedam</strong></span> <span class='ocrx_word' id='word_1_272' title='bbox 957 3397 1120 3473; x_wconf 86' lang='lat' dir='ltr'><strong>virtualis</strong></span> <span class='ocrx_word' id='word_1_273' title='bbox 1140 3425 1194 3474; x_wconf 82' lang='lat' dir='ltr'><strong>ve·</strong></span> 
     </span>
     <span class='ocr_line' id='line_1_34' title="bbox 109 3495 1190 3596; baseline 0.003 -28"><span class='ocrx_word' id='word_1_274' title='bbox 109 3497 262 3571; x_wconf 83' lang='lat' dir='ltr'><strong>trialium</strong></span> <span class='ocrx_word' id='word_1_275' title='bbox 295 3498 517 3582; x_wconf 87' lang='lat' dir='ltr'><strong>detestatio,</strong></span> <span class='ocrx_word' id='word_1_276' title='bbox 546 3500 619 3596; x_wconf 72' lang='lat' dir='ltr'><strong>qud</strong></span> <span class='ocrx_word' id='word_1_277' title='bbox 645 3497 768 3595; x_wconf 82' lang='lat' dir='ltr'><strong>culpae</strong></span> <span class='ocrx_word' id='word_1_278' title='bbox 795 3495 1053 3596; x_wconf 84' lang='lat' dir='ltr'><strong>remorentur,</strong></span> <span class='ocrx_word' id='word_1_279' title='bbox 1080 3497 1129 3570; x_wconf 73' lang='lat' dir='ltr'><strong>ita</strong></span> <span class='ocrx_word' id='word_1_280' title='bbox 1150 3509 1190 3571; x_wconf 82' lang='lat' dir='ltr'><strong>ut</strong></span> 
     </span>
     <span class='ocr_line' id='line_1_35' title="bbox 108 3593 1167 3697; baseline 0.003 -32"><span class='ocrx_word' id='word_1_281' title='bbox 108 3593 194 3696; x_wconf 86' lang='lat' dir='ltr'><strong>ipsae</strong></span> <span class='ocrx_word' id='word_1_282' title='bbox 213 3595 610 3670; x_wconf 68' lang='lat' dir='ltr'><strong>minimesacramenti</strong></span> <span class='ocrx_word' id='word_1_283' title='bbox 634 3594 796 3669; x_wconf 84' lang='lat' dir='ltr'><strong>fructum</strong></span> <span class='ocrx_word' id='word_1_284' title='bbox 812 3593 1023 3697; x_wconf 88' lang='lat' dir='ltr'><strong>impediant.</strong></span> <span class='ocrx_word' id='word_1_285' title='bbox 1161 3609 1167 3621; x_wconf 84' lang='lat'>&#39;</span> 
     </span>
    </p>

    <p class='ocr_par' dir='ltr' id='par_1_14' title="bbox 19 3687 1191 3992">
     <span class='ocr_line' id='line_1_36' title="bbox 19 3687 1191 3863; baseline 0.001 -98"><span class='ocrx_word' id='word_1_286' title='bbox 19 3751 20 3776; x_wconf 24' lang='grc' dir='ltr'>ἶ</span> <span class='ocrx_word' id='word_1_287' title='bbox 152 3687 407 3788; x_wconf 66' lang='lat' dir='ltr'><strong>Quaeritur&#39;II.</strong></span> <span class='ocrx_word' id='word_1_288' title='bbox 426 3695 573 3795; x_wconf 80' lang='lat' dir='ltr'><strong>An,qui</strong></span> <span class='ocrx_word' id='word_1_289' title='bbox 590 3696 839 3769; x_wconf 88' lang='lat' dir='ltr'><strong>communicat</strong></span> <span class='ocrx_word' id='word_1_290' title='bbox 858 3719 943 3767; x_wconf 93' lang='lat' dir='ltr'><strong>cum</strong></span> <span class='ocrx_word' id='word_1_291' title='bbox 964 3707 1117 3863; x_wconf 79' lang='lat' dir='ltr'><strong>peccato</strong></span> <span class='ocrx_word' id='word_1_292' title='bbox 1135 3719 1191 3766; x_wconf 79' lang='lat' dir='ltr'><strong>ve·</strong></span> 
     </span>
     <span class='ocr_line' id='line_1_37' title="bbox 108 3791 1189 3893; baseline 0.003 -29"><span class='ocrx_word' id='word_1_293' title='bbox 108 3792 192 3865; x_wconf 89' lang='lat' dir='ltr'><strong>niali</strong></span> <span class='ocrx_word' id='word_1_294' title='bbox 209 3793 360 3879; x_wconf 86' lang='lat' dir='ltr'><strong>actuali,</strong></span> <span class='ocrx_word' id='word_1_295' title='bbox 374 3810 505 3893; x_wconf 84' lang='lat' dir='ltr'><strong>peccet</strong></span> <span class='ocrx_word' id='word_1_296' title='bbox 522 3792 721 3880; x_wconf 85' lang='lat' dir='ltr'><strong>venialiter,</strong></span> <span class='ocrx_word' id='word_1_297' title='bbox 733 3807 771 3866; x_wconf 89' lang='lat' dir='ltr'><strong>et</strong></span> <span class='ocrx_word' id='word_1_298' title='bbox 785 3791 947 3868; x_wconf 84' lang='lat' dir='ltr'><strong>fructum</strong></span> <span class='ocrx_word' id='word_1_299' title='bbox 989 3797 1189 3875; x_wconf 85' lang='lat' dir='ltr'><strong>aeramenti</strong></span> 
     </span>
     <span class='ocr_line' id='line_1_38' title="bbox 111 3890 1187 3992; baseline 0.002 -30"><span class='ocrx_word' id='word_1_300' title='bbox 111 3890 272 3967; x_wconf 85' lang='lat' dir='ltr'><strong>amittat?</strong></span> <span class='ocrx_word' id='word_1_301' title='bbox 287 3891 448 3987; x_wconf 84' lang='lat' dir='ltr'><strong>Quandb</strong></span> <span class='ocrx_word' id='word_1_302' title='bbox 472 3890 583 3992; x_wconf 88' lang='lat' dir='ltr'><strong>culpa</strong></span> <span class='ocrx_word' id='word_1_303' title='bbox 598 3891 709 3967; x_wconf 86' lang='lat' dir='ltr'><strong>afficit</strong></span> <span class='ocrx_word' id='word_1_304' title='bbox 723 3895 842 3991; x_wconf 85' lang='lat' dir='ltr'><strong>ipsam</strong></span> <span class='ocrx_word' id='word_1_305' title='bbox 858 3891 1187 3985; x_wconf 68' lang='lat' dir='ltr'><strong>communionem,</strong></span> 
     </span>
    </p>

    <p class='ocr_par' dir='ltr' id='par_1_15' title="bbox 19 3988 1187 4090">
     <span class='ocr_line' id='line_1_39' title="bbox 19 3988 1187 4090; baseline 0 -27"><span class='ocrx_word' id='word_1_306' title='bbox 19 4033 20 4086; x_wconf 73' lang='lat' dir='ltr'><strong>t</strong></span> <span class='ocrx_word' id='word_1_307' title='bbox 109 3995 192 4089; x_wconf 72' lang='lat' dir='ltr'><strong>puta</strong></span> <span class='ocrx_word' id='word_1_308' title='bbox 207 4018 293 4065; x_wconf 91' lang='lat' dir='ltr'><strong>cum</strong></span> <span class='ocrx_word' id='word_1_309' title='bbox 317 3992 399 4090; x_wconf 88' lang='lat' dir='ltr'><strong>quis</strong></span> <span class='ocrx_word' id='word_1_310' title='bbox 420 3991 670 4066; x_wconf 88' lang='lat' dir='ltr'><strong>communicat</strong></span> <span class='ocrx_word' id='word_1_311' title='bbox 692 3989 740 4064; x_wconf 90' lang='lat' dir='ltr'><strong>ob</strong></span> <span class='ocrx_word' id='word_1_312' title='bbox 767 3991 914 4061; x_wconf 89' lang='lat' dir='ltr'><strong>inanem</strong></span> <span class='ocrx_word' id='word_1_313' title='bbox 930 3988 1084 4087; x_wconf 78' lang='lat' dir='ltr'><strong>gloriam</strong></span> <span class='ocrx_word' id='word_1_314' title='bbox 1102 4047 1111 4078; x_wconf 93' lang='lat'><strong>,</strong></span> <span class='ocrx_word' id='word_1_315' title='bbox 1129 3992 1187 4084; x_wconf 82' lang='lat' dir='ltr'><strong>rel</strong></span> 
     </span>
    </p>

    <p class='ocr_par' dir='ltr' id='par_1_16' title="bbox 19 4086 1186 4282">
     <span class='ocr_line' id='line_1_40' title="bbox 112 4086 1186 4191; baseline 0.003 -30.761"><span class='ocrx_word' id='word_1_316' title='bbox 112 4087 221 4165; x_wconf 87' lang='lat' dir='ltr'><strong>alium</strong></span> <span class='ocrx_word' id='word_1_317' title='bbox 251 4093 365 4168; x_wconf 88' lang='lat' dir='ltr'><strong>finem</strong></span> <span class='ocrx_word' id='word_1_318' title='bbox 394 4088 727 4184; x_wconf 84' lang='lat' dir='ltr'><strong>venialem,nemo</strong></span> <span class='ocrx_word' id='word_1_319' title='bbox 755 4086 1035 4191; x_wconf 87' lang='lat' dir='ltr'><strong>dubitat,quin</strong></span> <span class='ocrx_word' id='word_1_320' title='bbox 1065 4089 1186 4166; x_wconf 82' lang='lat' dir='ltr'><strong>venia·</strong></span> 
     </span>
    </p>
   </div>
   <div class='ocr_carea' id='block_1_3' title="bbox 0 0 1446 4684">
    <p class='ocr_par' dir='ltr' id='par_1_17' title="bbox 0 0 1446 4684">
     <span class='ocr_line' id='line_1_41' title="bbox 0 0 1446 4684; baseline 0 0"><span class='ocrx_word' id='word_1_321' title='bbox 0 0 1446 4684; x_wconf 95' lang='lat' dir='ltr'><strong> </strong></span> 
     </span>
    </p>
   </div>
  </div>
 </body>
</html>
