2884 4684
255 147 322 217 'tot
361 144 435 216 Lib.
456 148 515 219 VI.
531 148 639 218 Tract.
655 148 716 220 IV.
732 150 783 218 De
796 149 1001 245 §aucmento
1015 148 1224 218 Poeaitentiae.
1283 156 1287 165 '

256 259 355 334 banc
371 276 496 334 tenent
513 263 640 355 Covar.
656 263 800 360 Lopez,
817 277 854 334 et
874 262 1045 337 Menocb.
1065 288 1123 362 ap.
1139 259 1217 335 Pal.
1233 285 1272 357 p.
1294 279 1339 329 ra

256 358 278 455 S
294 360 370 433 311.
398 361 439 432 15
463 360 548 459 quia
572 386 648 434 non
666 360 905 460 praesumitur
923 361 1090 444 Pontifex
1109 360 1203 432 velle
1217 357 1338 455 iov'ere

141 460 144 467 ’
258 457 504 558 iniquitatem.
525 456 644 559 quue
664 460 903 533 confirmatur
920 483 963 534 ex
982 457 1049 533 illo
1067 456 1291 532 Tridentini.
1307 479 1339 525 s.
1395 488 1398 497 ·

259 557 307 647 24
325 555 371 628 de
390 554 547 635 Reform.
568 559 638 633 αδ
659 555 725 631 ubi
743 559 938 645 statuitur}
953 558 1054 659 quod
1070 555 1209 655 babens
1227 578 1339 653 copu-

258 649 332 726 lam
351 680 437 727 cum
453 657 725 756 consanguinea
742 681 807 757 spe
822 655 1014 730 obtinendi
1033 654 1089 729 dis
1117 652 1341 728 cusationem

207 826 210 833 .
259 749 447 826 difficilibs
464 755 496 824 ei
514 754 764 853 concedatur,
783 768 820 829 et
837 754 916 856 ipse
933 683 1265 830 debebitl'ontifici
1280 774 1341 822 ex·

258 850 490 953 primere,se
514 852 653 926 crimen
679 856 838 954 patrlsse
860 880 905 927 ex
926 849 997 931 bac
1022 850 1255 927 confidentia.
1272 846 1355 945 ‚Se-1

257 948 375 1020 cnudo
395 946 481 1023 verb
502 952 680 1025 sententia
696 951 957 1040 communior,
977 954 1124 1049 etysntis
1141 944 1343 1051 probabilis

260 1044 429 1137 affirmat,
444 1074 599 1148 eamque
618 1065 744 1143 tenent
759 1052 890 1124 Suarez
901 1048 977 1145 lib.
996 1055 1019 1146 4
1036 1048 1084 1125 de
1098 1065 1183 1123 roto
1199 1072 1281 1147 cap.
1299 1042 1345 1136 54

205 1158 213 1187 ’·
259 1170 369 1220 nuru.
399 1147 443 1221 18
470 1162 506 1220 et
530 1148 662 1245 Paleas
692 1148 765 1223 loc.
790 1150 852 1224 cit.
877 1146 988 1224 num.
1024 1148 1068 1224 16
1093 1173 1182 1222 cum
1210 1144 1345 1219 ilenri-

262 1269 386 1349 quez,
418 1244 534 1320 Graii.
566 1248 697 1347 Vaga,
730 1245 878 1348 Rodrig.
908 1266 976 1322 etc.
1005 1236 1136 1334 Ratio,
1202 1245 1261 1317 uia
1294 1241 1345 1313 la·

262 1341 384 1431 cultas
435 1344 628 1435 eneraliter
658 1372 830 1419 concessa
858 1371 934 1420 non
958 1362 1012 1420 est
1036 1271 1241 1420 limitanda.
1267 1338 1344 1415 Nec

263 1432 384 1515 obstat
401 1370 524 1547 dicere
540 1501 549 1543 ‚
567 1444 669 1547 quod
685 1434 853 1518 Pontifex
870 1444 922 1518 sic
938 1444 1077 1520 foveret
1092 1445 1144 1517 ini
1174 1442 1345 1514 nitatemt

214 1614 227 1627 ,
262 1565 351 1629 narn
369 1596 379 1629 ,
396 1543 427 1615 si
453 1538 523 1635 boc
544 1560 638 1619 esset
653 1599 662 1631 ‚
678 1544 845 1618 Christus
866 1544 1144 1618 Sacramentum
1194 1540 1349 1615 oenitcn·

195 1640 198 1643 ’
263 1639 323 1713 tiae
341 1638 544 1717 ⁴instituens
569 1641 692 1714 adbirc
715 1642 900 1716 diceretur
928 1637 1348 1742 iniquitatem‘fovis'se3

263 1764 341 1813 non
365 1736 486 1813 auteiu
509 1740 583 1815 dici
606 1739 744 1835 debent
771 1741 890 1813 lovere
911 1736 1144 1841 iniquitatem
1160 1734 1349 1825 remedia,

267 1832 350 1937 iJuae
367 1840 384 1909 'a
404 1834 662 1937 Superioribus
678 1834 917 1941 peccantibus
936 1853 1203 1939 praeparantur.
1225 1928 1229 1935 ι
1268 1924 1281 1948 ⁶

314 1939 499 2049 Quaeritur
512 1936 593 2012 Vll.
613 1939 669 2021 An
689 1938 720 2026 ri
734 1935 916 2011 facultatis
937 1961 1121 2013 concessae
1134 1935 1173 2007 in
1191 1929 1350 2008 Jubrlaeo

266 2032 480 2110 absolvendi
499 2040 519 2108 a
537 2037 700 2117 censuris
717 2032 885 2127 occultis,
900 2060 991 2134 quas
1006 2049 1156 2134 propter
1172 2032 1351 2106 damnum

266 2133 375 2207 alicui
386 2133 513 2216 datum
530 2128 614 2232 quis*
626 2131 1108 2217 incurrit,subconditionc.
1120 2126 1355 2233 uepoeniten·

1426 2045 1428 2091 l

1427 2137 1429 2187 l

265 2246 320 2305 tes
335 2231 587 2317 absolvantur„
599 2229 669 2303 nisi
684 2229 836 2345 implsu
850 2247 965 2329 parte,
976 2232 1035 2305 vel
1050 2231 1181 2305 saltem
1195 2230 1355 2330 proestito

265 2327 759 2428 juramentosatisfuciendr,
778 2332 890 2428 possit
906 2330 984 2403 dari
999 2331 1181 2405 absolutio
1197 2328 1285 2404 anti
1296 2354 1353 2399 sa·

267 2428 542 2527 tisfactionem,
566 2427 633 2527 vel
650 2433 900 2526 juramentum
924 2428 940 2500 ,Ρ
962 2430 997 2503 Si
1026 2417 1219 2529 poeuitcns'
1268 2428 1352 2500 ussit

267 2529 392 2601 statim
411 2528 637 2617 satisfacere,
654 2523 784 2614 debet,
802 2526 889 2603 eliis
907 2526 1034 2603 illicite
1051 2542 1088 2621 et
1106 2455 1269 2601 invalidis
1290 2524 1352 2597 ab·

265 2624 492 2715 solveretur3
511 2627 559 2699 ita
582 2624 685 2700 Suar.
710 2624 788 2724 d.7
810 2625 857 2699 de
873 2625 1026 2700 Censur.
1051 2630 1137 2701 sect.
1162 2629 1198 2700 5.
1219 2627 1351 2725 Sporec

267 2750 294 2825 p
324 2750 395 2824 209
410 2729 537 2825 nard
553 2739 590 2797 et
605 2724 694 2797 Viva
713 2749 750 2823 q.
776 2750 816 2797 ro
834 2739 900 2798 art.
922 2752 942 2798 2
961 2752 996 2799 n.
1054 2753 1139 2800 curn
1157 2724 1356 2824 Vasqnea,

267 2821 362 2899 Gob.
380 2826 471 2897 Gon.
490 2839 526 2898 et
538 2824 568 2895 F
571 2822 621 2897 ill.
640 2837 767 2911 eontra
786 2822 880 2898 Avil.
898 2820 990 2898 Bon.
1007 2751 1116 2898 bardi
1134 2823 1266 2911 ‚Diam
1283 2836 1354 2896 etc.

266 2918 419 3012 ibidem,
433 2922 498 3022 qui
511 2934 644 3020 negant
660 2919 697 2994 id
713 2922 790 2994 fieri
805 2920 977 3008 invalide,
989 2948 1077 2997 curn
1092 2921 1156 2996 illa
1170 2923 1217 2995 sit
1235 2919 1354 3020 potiiu

263 3022 422 3101 monitio
438 3078 448 3107 ,
466 3024 579 3120 quim
594 3017 772 3094 conditio.
787 3020 858 3094 Sed
875 3020 992 3095 verior
1005 3021 1097 3095 mibi
1108 3021 1256 3094 videtur
1272 3044 1352 3094 sen·

266 3119 380 3195 tentia
396 3121 536 3203 Suarii,
562 3133 598 3193 et
615 3117 771 3192 aliorum
793 3136 834 3192 ut
851 3126 962 3219 cupri
978 3176 988 3206 ,
1005 3129 1092 3221 quia
1111 3120 1174 3193 illa
1198 3134 1252 3197 cst
1272 3142 1352 3195 veta

267 3216 457 3306 conditio,
479 3220 550 3318 qud
572 3243 647 3289 non
665 3218 818 3318 impletd
836 3276 846 3306 ,
863 3218 1015 3292 facultas
1030 3246 1106 3292 non
1125 3216 1353 3292 conceditur.

265 3315 364 3390 Dicit
380 3332 503 3390 autem
519 3316 561 3389 F.
579 3315 766 3391 Theodec.
783 3323 801 3389 a
818 3318 903 3413 Spir
928 3319 966 3391 S.
987 3345 1019 3392 o.
1035 3344 1061 3416 9
1079 3317 1136 3412 §d
1157 3344 1194 3390 n.
1213 3314 1235 3388 3
1251 3313 1353 3390 suffi-

268 3440 352 3491 cere
377 3413 423 3489 ed
449 3413 716 3489 absolvendum
740 3415 1024 3491 satisfactionem
1053 3406 1353 3514 fidejussoriam.

268 3529 333 3587 aut
349 3518 560 3615 juratoriam
578 3570 587 3602 ‚
603 3540 748 3615 semper
763 3540 804 3587 ac
818 3516 1064 3588 Consesscrius
1079 3515 1238 3612 judicet,
1254 3510 1353 3612 quod

269 3611 451 3701 absolutio
465 3615 511 3686 sit
551 3611 714 3685 solutura
731 3615 1014 3710 poenitenti‚nec
1028 3638 1112 3686 eum
1130 3611 1353 3687 retardatus

184 3748 192 3811 f
266 3712 508 3786 {satisfacieu
539 3740 572 3785 o.
590 3710 731 3785 Verirm
756 3712 832 3787 boec
856 3713 982 3815 opinio
1000 3711 1112 3811 magis
1134 3705 1356 3810 speculativi

262 3815 379 3911 quim
405 3809 563 3911 practice
582 3826 635 3883 est
652 3810 880 3912 probabilior
902 3812 990 3897 lriuc
1012 3808 1133 3884 verius
1154 3807 1353 3883 dicendum

269 3934 354 3982 cunr
372 3906 528 3985 Croixn.
547 3907 636 4001 1453
653 3927 688 3983 et
703 3910 794 3985 Vive
809 3937 846 4009 q.
870 3937 910 3986 ro
925 3926 993 3985 art.
1009 3934 1137 4007 nup,
1155 3916 1230 3985 non
1249 3929 1352 4007 posse

268 4031 312 4081 eo
328 4033 414 4085 casu
428 4008 729 4097 absolutionemi
745 4011 914 4091 censuris
926 4009 1118 4113 impertiri,
1129 4010 1200 4084 nisi
1209 4005 1353 4084 realiter
