2884 4684
267 149 349 243 Cap.
372 151 400 220 l.
425 150 513 220 uus.
533 151 576 219 11.
597 151 647 220 De
661 151 795 218 essentia
809 149 905 241 buius
923 149 1133 247 sacrementi.
1167 100 1236 241 boi

161 286 214 336 ar.
232 285 258 360 9
274 265 321 336 ad
341 292 360 336 2
378 263 552 339 Certitudo
568 275 641 336 non
665 278 721 334 est
736 262 892 334 similiter
906 262 1090 360 querenda
1106 261 1142 333 in
1158 287 1240 333 orn-

162 359 284 451 nt‘bus,
302 362 367 441 sed
389 362 425 434 io
446 386 653 461 unaquaque
671 358 840 449 materia,
861 361 1049 432 secundini
1058 359 1240 457 proprium

160 458 302 530 modum
320 487 334 547 ,·
360 459 440 558 quta
469 464 552 532 verb
568 460 713 531 maaria
735 457 924 554 prudentio
941 460 1031 529 'sunt
1048 455 1239 554 singularia

161 555 395 654 contingentia
412 559 527 645 ,circd
546 582 620 656 que
639 572 724 630 sunt
737 558 956 653 operationes
967 554 1151 644 bumana,
1164 577 1238 626 non

157 666 278 749 potest
301 655 472 728 certitudo
488 654 682 754 prudentia
713 669 813 726 tanta
840 678 918 727 esse
938 712 947 738 ,
971 652 1067 751 quod
1096 652 1239 724 omninb

162 750 352 825 solb'oitudo
366 756 517 826 tollatur.
526 753 637 830 Unde
653 750 815 848 quodad
828 766 996 824 nostium
1008 750 1240 849 propositum

159 863 323 946 spectat,
340 852 489 939 sufficit,
503 850 860 950 quodConiessarius
873 848 1239 949 babeatprudentem

161 945 460 1045 probabilitatem
478 950 524 1023 de
540 950 777 1051 dispositione
791 949 1020 1047 poenitentis,
1038 961 1075 1020 et
1088 971 1162 1018 non
1173 945 1240 1018 ob·

162 1057 235 1116 stet
256 1070 299 1118 ex
329 1046 399 1120 alia
428 1059 530 1147 psile
554 1048 716 1147 prudens
742 1046 903 1146 suspicio
929 1044 1238 1143 indispositionis;

165 1140 254 1214 aliis
270 1145 332 1217 vis
347 1145 445 1218 ullus
459 1164 582 1246 posset
593 1146 754 1238 absolvi,
772 1145 862 1219 dum
877 1168 1123 1244 quaecumque
1139 1145 1242 1238 signa

163 1243 424 1337 poenitentium
449 1271 523 1318 nou
552 1259 727 1342 praestant
752 1245 820 1319 nisi
841 1242 1139 1343 probabilitatem
1163 1240 1241 1313 dis·

165 1340 380 1435 positionis,
401 1359 441 1416 ut
469 1342 565 1419 recti
586 1344 694 1418 docet
714 1345 755 1416 P.
773 1343 904 1446 Sospes
923 1341 969 1414 de
985 1344 1117 1437 Poeuit.
1135 1338 1172 1412 d.
1193 1339 1240 1410 32

163 1460 197 1507 s.
214 1461 235 1506 2
253 1463 289 1510 n.
310 1466 341 1513 t.
369 1442 432 1514 ubi
448 1443 519 1532 ait,
535 1442 638 1543 quod
649 1455 835 1539 oporteat,
848 1454 885 1513 et
900 1440 1077 1526 sufficiat,
1091 1452 1132 1510 ut
1146 1439 1241 1509 Con·

160 1527 337 1618 fessarius
349 1541 606 1636 prudenter‚.et
624 1538 844 1636 probabiliter
851 1537 1001 1629 [aditet.
1016 1537 1242 1631 penitentem

164 1653 245 1701 esse
256 1632 470 1729 dispositum.
484 1641 533 1713 Et
544 1639 614 1712 hoc
630 1638 772 1712 uidetur
784 1637 869 1710 satis
877 1637 1029 1735 exprimi
1040 1638 1080 1706 in
1090 1632 1240 1706 Catecb.

164 1728 270 1802 Rom.
289 1732 334 1803 de
354 1736 484 1809 Poenit.
502 1763 540 1809 n.
554 1738 617 1814 oa
634 1736 698 1809 ubi
719 1735 880 1808 dicitur:
898 1734 940 1805 Si
950 1734 1071 1805 auditd
1086 1729 1242 1822 Confes-

163 1825 264 1900 sione
295 1830 513 1928 (Sacerdos)
532 1834 764 1927 iudicarent,
791 1857 903 1929 neque
928 1831 965 1903 in
997 1829 1244 1903 enumerandis

157 1929 314 2020 peccatis
335 1930 545 2028 diligentiam
560 1988 575 2020 r
590 1958 656 2004 nec
677 1930 713 2002 in
740 1930 957 2002 detestandis
972 1929 1124 2000 dolorem
1135 1926 1244 2021 pani·
1290 1942 1294 1945 “

163 2023 256 2093 tenti
267 2026 410 2099 omniur)
426 2026 606 2122 defuisse,
623 2029 760 2103 absolvi
766 2025 902 2123 poterit.
923 2025 1022 2124 Engb
1038 2050 1182 2126 semper
1195 2050 1240 2099 ac

164 2119 394 2197 Confessario
412 2126 563 2225 positivi
578 2154 655 2201 nou
670 2129 897 2217 innotestat,
913 2125 1104 2223 poenitenti
1119 2125 1245 2197 omni·

165 2217 216 2291 ub
244 2220 402 2295 defuisse
427 2224 592 2298 dolorem
612 2251 622 2312 ;
640 2224 763 2320 ipsum
781 2223 967 2298 absolvere
994 2238 1121 2320 potest.
1145 2222 1244 2294 Hinc

166 2319 306 2391 Auctor
325 2346 407 2420 sup.
426 2325 487 2395 cit.
506 2322 682 2407 (Instruz.
699 2347 765 2422 per
782 2321 808 2395 li
827 2320 916 2395 Not.
933 2321 1039 2395 Conb
1054 2349 1090 2420 p.
1115 2349 1126 2393 ι
1149 2345 1182 2391 c.
1202 2317 1243 2390 15

165 2441 206 2490 n.
235 2417 447 2514 360.)cu1'n
474 2423 634 2521 Espsrsa
656 2422 709 2494 sic
736 2419 931 2520 loquitur:
958 2420 1086 2492 Doride
1100 2415 1245 2509 noiJer·

166 2513 298 2586 miamo
313 2518 377 2616 qui
380 2544 448 2615 per
459 2519 581 2593 ultimo
590 2521 627 2591 la
646 2519 870 2593 conclusione
884 2577 901 2605 ,.
912 2516 968 2590 eb'
987 2519 1058 2590 ila
1074 2514 1198 2589 ultrave
1210 2511 1252 2584 di

164 2625 253 2683 tutta
265 2630 389 2710 questa
408 2617 581 2702 materia:
600 2643 673 2690 non
702 2615 884 2689 ricercarsi
891 2616 979 2687 altro
989 2639 1055 2709 per
1067 2610 1249 2685 amminisa

167 2726 262 2784 trare
273 2712 310 2784 la
325 2713 548 2804 Penitenza,
573 2713 638 2789 che
655 2739 703 2787 on
718 2713 873 2811 gt'udizm
884 2713 1055 2809 prudente
1064 2707 1247 2809 probabile

168 2808 261 2879 della
285 2810 529 2908 dispozizione
546 2810 804 2911 delpenitente.
816 2812 917 2883 Onde
929 2837 969 2883 se
983 2809 1016 2881 le
1031 2810 1250 2884 circostanee

166 2930 239 2978 nan
246 2906 417 3002 fondano
440 2938 486 2983 on
505 2911 627 2985 dobbio
648 2912 839 3009 prudente,
858 2908 911 2981 cb*
926 2907 997 3008 egli
1010 2932 1082 2980 non
1104 2906 1160 2977 sia
1175 2902 1247 2999 sust

162 3002 419 3085 ficientementa
436 3009 616 3104 disposta,
632 3034 703 3082 non
717 3010 783 3080 dee
793 3008 822 3079 il
833 3004 1046 3102 Confessore
1058 3003 1251 3103 inquietare

167 3126 206 3173 se
234 3120 374 3198 stesso,
401 3109 447 3180 ni
462 3107 675 3201 tpenttenu
695 3130 764 3203 per
785 3131 913 3178 averae
931 3103 955 3175 i
972 3102 1142 3176 erudenzo
1158 3157 1167 3188 ‚
1185 3098 1253 3174 obe

168 3216 247 3273 non'
258 3204 278 3291 i
289 3203 471 3296 possibile.
489 3208 539 3279 Et
556 3206 642 3279 buis
660 3202 838 3278 conducit
854 3218 973 3278 textus
989 3203 1027 3274 in
1042 3227 1074 3275 c.
1093 3202 1125 3272 t
1143 3197 1251 3272 nobis

170 3324 192 3370 ο
211 3298 258 3371 de
276 3302 439 3380 Sentent.
457 3306 607 3379 Excom.
631 3303 697 3376 ubi
714 3302 851 3375 dicitur
866 3331 875 3375 ι
889 3300 1069 3374 Iudicium
1084 3298 1155 3389 Dei
1166 3296 1253 3368 oeri-

167 3398 250 3484 tati‚
265 3425 342 3498 qua
353 3401 557 3570 norgaldi,
572 3427 638 3473 nec
649 3399 803 3492 fhdt‘tur,
818 3424 956 3498 semper
967 3396 1122 3469 inrit'titur
1133 3392 1252 3495 ,judi-

167 3494 259 3568 cium
276 3513 392 3573 autem
441 3500 575 3574 eclesia
590 3500 852 3597 nonnumqudm
868 3497 1067 3592 opinionem
1082 3493 1260 3593 sequiturf

168 3596 273 3692 qudm
292 3596 458 3692 etfallere
473 3596 743 3695 sepicontingit
756 3651 772 3684 ‚a
785 3612 821 3667 et
835 3591 925 3685 belli.
1014 3643 1021 3651 -

216 3690 366 3766 Cortum
383 3709 436 3768 est
457 3720 476 3767 2
495 3711 531 3769 et
545 3720 743 3771 commune
756 3690 856 3792 apud
871 3716 1013 3778 omnes,
1026 3688 1129 3791 quod
1143 3688 1313 3786 possiti&

166 3788 572 3868 confessariusdtferre
581 3791 850 3867 absolutionem
861 3792 1055 3892 poenitenti
1069 3789 1178 3862 etiim
1187 3788 1257 3859 dis·

168 3890 298 3987 posito,
307 3909 343 3965 et
351 3893 457 3965 etiim
468 3898 546 3964 sine
555 3898 633 3990 ejus
646 3915 988 3988 cousensu‚semper
999 3915 1041 3960 ac
1056 3882 1257 3985 prudenter

168 3987 325 4086 iudicet,
349 3989 563 4067 dilationem
587 4015 664 4066 esse
682 3991 813 4066 utilem
831 3993 909 4090 ejus
924 3985 1185 4064 emendationi.
1204 3982 1258 4058 ut
