2884 4684
231 154 316 246 Gap»
337 156 364 222 1.
382 152 475 223 nus.
492 153 551 226 tv.
569 154 621 224 De
639 157 771 225 essentia
783 153 879 247 hujus
893 152 1101 223 sacramenti.
1146 149 1208 230 sos

120 267 241 366 possit
259 271 414 368 postea'a
430 291 678 367 quocumque·
686 267 915 343 confessario
930 266 1096 338 obtinere
1110 266 1209 340 eo'rn·

120 366 366 439 mutationem
383 365 576 439 votorum?
591 367 735 467 Negant
751 368 925 465 Laytnan.
947 391 978 438 c.
1005 364 1045 437 ι3
1061 388 1164 437 ιιιιιιι.
1184 388 1212 464 9

121 477 162 535 et
175 464 381 538 suaelton.
403 488 444 538 ae
463 466 491 538 F
493 462 547 549 ill,
564 490 623 564 ap.
652 466 762 539 Croix
781 492 819 547 n.
846 463 948 564 1473.
968 461 1097 547 Ratio,
1123 465 1209 562 qnia

110 560 308 653 ¹absolutio
327 564 420 637 sacta
437 560 568 638 virtute
582 566 603 637 J
609 562 727 638 ubiloei
744 590 818 637 non
835 564 953 663 potuit
967 559 1210 661 comprehen-

123 658 212 735 dere
237 678 338 745 t·ota‚·
356 687 515 763 qnorum
533 664 769 736 commutatio
794 678 881 734 tunc
899 684 976 734 non
992 661 1062 734 tuit
1077 655 1209 761 quesi-

122 770 182 831 tar
192 757 263 832 Sed
280 759 513 834 communius
529 760 712 835 affirmant
735 760 834 840 Less.
856 759 884 832 l.
909 785 930 834 a
954 785 986 832 c.
1004 761 1050 853 4ο
1068 784 1107 833 ιι.
1131 783 1209 857 ιορ.

121 855 203 929 Pei.
226 883 260 930 c.
279 886 313 934 c.
332 860 423 931 Viva
449 886 486 959 q.
510 884 549 931 ιι
569 863 635 932 nri.
657 860 712 933 ult
731 886 767 931 n.
785 860 821 931 3.
840 860 974 959 Sporer
998 882 1041 957 p:
1057 882 1125 954 272
1144 882 1210 933 nu.

120 955 194 1054 237
215 980 301 1031 enm
325 955 576 1031 Gobsporte'l.
595 972 632 1032 et
650 956 864 1032 Sanctorell.
885 1012 894 1042 ‚
914 954 1088 1054 idemque
1112 969 1211 1030 tenet

121 1051 260 1128 sanca—
277 1055 302 1127 1.
320 1083 357 1130 τι.
384 1083 420 1130 ιι.
452 1058 492 1128 ι8
516 1057 657 1130 etiamsi
675 1059 858 1156 poenitens
875 1060 1041 1154 tempore
1062 1051 1211 1128 Jubilaei

126 1176 274 1225 memor
283 1153 394 1233 fuerit
406 1156 461 1229 sui
473 1156 556 1228 voti.
567 1155 682 1245 Ratio,
694 1156 777 1255 quia
792 1159 856 1252 (ut
877 1155 1020 1227 dictum
1036 1160 1111 1246 est)
1126 1176 1212 1252 poe-

123 1251 460 1338 nitensviiubiiaei,
474 1252 576 1352 quod
592 1253 753 1329 lucratus
765 1267 831 1340 est,
844 1259 903 1352 jus
915 1250 1071 1350 adeptus
1089 1265 1144 1324 cst
1162 1247 1211 1324 ad

123 1348 240 1424 talem
255 1352 592 1427 commutationem.
601 1355 766 1455 Utraque
776 1350 957 1427 sententia
969 1363 1023 1425 est
1033 1347 1212 1452 probabi·

123 1444 185 1521 lis.
196 1448 307 1523 Recte
317 1468 439 1525 antem
452 1449 644 1525 advertunt
653 1454 754 1526 Suae.
767 1450 814 1526 de
823 1451 920 1526 Voto
933 1447 989 1523 l.6
1000 1473 1031 1520 e:
1053 1473 1096 1546 19
1109 1474 1147 1522 n.
1170 1472 1211 1521 ιο

125 1561 164 1619 et
178 1546 321 1621 Holzm.
340 1575 378 1621 n.
395 1550 468 1644 645
486 1575 572 1623 cum
594 1550 805 1636 communi,
831 1549 933 1650 qood
950 1573 1017 1650 pro
1039 1571 1213 1621 commu-

124 1644 263 1719 tatione
279 1648 429 1746 praefata
446 1663 613 1725 votorum
632 1675 707 1723 uon
724 1644 1111 1748 requiraturspeeialis
1125 1669 1213 1718 can·

119 1766 190 1832 aa,
208 1743 274 1818 sed
299 1745 454 1820 sufficiet
468 1744 581 1821 'cause
600 1747 664 1821 illa
693 1751 926 1837 communis,
951 1747 1024 1847 qua
1043 1743 1212 1847 Pontifex

128 1855 255 1917 motos
270 1843 386 1918 estad
404 1844 601 1919 aniloeum
622 1843 875 1919 indicendum.

176 1941 365 2037 Qnaerimr
381 1941 429 2014 V.
447 1945 482 2017 Si
505 1947 687 2043 poenitens
710 1960 875 2044 tempore
891 1936 1040 2019 Jubilaei
1061 1940 1211 2015 conses-

126 2064 190 2111 sus
217 2041 264 2113 sit
286 2067 373 2117 eum
394 2042 599 2117 intentione
616 2041 713 2117 ittud
738 2042 978 2131 lucrandi,et
995 2043 1118 2141 postea
1135 2066 1225 2112 non

124 2136 313 2230 lueretur,
332 2138 377 2213 ed
394 2139 497 2239 quod
523 2168 598 2215 ιιοιι
621 2140 774 2241 impleat
797 2168 907 2242 opera
936 2139 1137 2239 requisita,
1163 2164 1211 2211 an

126 2248 219 2310 tunc
237 2262 305 2337 pro
321 2236 446 2311 oblitis
463 2235 615 2313 tollatur
631 2241 825 2314 reservatio
842 2240 984 2338 iNegat
997 2238 1110 2312 Cone.
1128 2263 1210 2338 pag.

129 2334 203 2432 574
227 2362 263 2409 ιι.
290 2362 330 2436 ¹7
356 2361 442 2411 cum
463 2337 576 2439 Vasq.
599 2351 634 2411 et
651 2337 843 2437 probabile
860 2353 965 2437 putat
980 2340 1082 2410 Suar.
1101 2335 1139 2409 d.
1165 2337 1206 2410 31

131 2447 218 2507 sect.
242 2436 265 2528 4
286 2462 322 2507 ιι.
344 2436 402 2510 23.
423 2437 550 2522 Rati0,·
576 2436 662 2537 quia
686 2436 871 2534 privilegia
888 2435 1145 2509 conceduntur
1165 2432 1214 2505 ad

129 2526 155 2605 J
155 2531 326 2606 ubiiaeunr
345 2533 584 2623 lucrandum,
601 2551 637 2609 et
653 2533 740 2608 idei>
756 2534 873 2608 donee
886 2534 984 2606 ittud
999 2559 1074 2606 non
1091 2534 1139 2605 sit
1153 2530 1215 2603 ob·

129 2643 298 2717 tentum,
316 2632 499 2730 poenitens
515 2660 590 2706 non
614 2647 734 2734 potest
754 2633 828 2705 illis
847 2628 1018 2732 gaudere.
1038 2630 1109 2704 Sed
1125 2656 1215 2731 pro·

132 2727 291 2803 habilius
311 2730 495 2803 affirmant
516 2733 618 2805 Suar.
644 2760 682 2807 n.
711 2735 769 2826 ari.
788 2731 919 2806 Sanch.
939 2731 1028 2804 Dec.
1049 2728 1115 2804 tib.
1135 2730 1159 2823 4
1178 2754 1213 2801 e.

132 2827 181 2921 54
194 2855 231 2901 n.
252 2829 298 2921 45
316 2844 353 2903 et
368 2829 413 2901 de
423 2831 529 2904 Matr.
551 2830 576 2903 Ι.
595 2830 672 2905 dd.
694 2831 738 2905 25
758 2857 860 2904 num.
881 2857 922 2921 ar
947 2852 1033 2902 eum
1053 2826 1216 2903 Menuel.

132 2927 235 3000 Ratio
251 2929 338 3026 quie
351 2943 517 3028 ternpore
531 2927 682 3003 Jubitaei
698 2930 915 3005 conceditur·
927 2928 1079 3002 facultas
1095 2924 1216 2999 absol-

131 3024 243 3098 vendi
256 3029 276 3097 a
291 3029 477 3100 reservatis
490 3053 628 3113 omnes,
645 3030 710 3129 qni
724 3028 1039 3102 habentauimum
1052 3023 1148 3098 itlud
1164 3022 1219 3096 lu·

134 3122 284 3210 orandi,
299 3138 337 3198 et
355 3140 454 3224 patet
469 3152 512 3200 ex
531 3125 635 3200 dictis
651 3152 690 3203 ιι.
707 3127 780 3201 536
797 3154 834 3201 ιι.
850 3125 989 3211 XXVI.
1002 3122 1112 3199 Unde
1130 3148 1217 3195 oum

134 3222 385 3298 confessarius
406 3223 676 3300 absolutionem
694 3225 742 3297 im
750 3225 927 3315 pectitur,
947 3238 1037 3298 tunc
1055 3247 1218 3296 reserva·

133 3323 184 3394 tio
196 3318 363 3397 absolute
376 3324 561 3409 aufertur,
585 3320 661 3397 non
677 3323 761 3396 vend
778 3322 1029 3422 dependenter
1042 3321 1089 3397 ab
1110 3346 1219 3393 even-

134 3433 174 3491 tu
193 3419 344 3494 saturo:
367 3448 453 3495 nam
467 3423 505 3495 in
520 3421 679 3495 Juhitaeo
694 3421 788 3496 nihii
810 3422 1026 3496 conceditur
1043 3418 1113 3494 sub
1132 3445 1225 3493 con*

134 3517 274 3591 ditione
290 3518 412 3594 futuri·
426 3520 596 3603 eventis,
614 3537 651 3594 et
667 3521 772 3605 ideo,
793 3549 880 3594 cum
904 3515 1041 3594 ablatio
1061 3544 1221 3594 reserva·
1241 3608 1244 3617 Ι
1287 3588 1290 3591 ,

134 3619 242 3692 tionis
259 3621 333 3712 jam
349 3624 474 3694 sortite
489 3621 598 3703 inerit
616 3618 789 3693 effectum
802 3647 929 3708 suum,
945 3619 1125 3718 poenitens
1144 3642 1221 3690 ιιοιι

134 3714 306 3791 reinuidis
318 3719 358 3789 in
378 3743 479 3808 eam,
497 3720 526 3790 si
545 3722 667 3818 postea
687 3744 796 3818 opera
818 3746 893 3791 ιιοιι
912 3716 1107 3815 compleat.

185 3816 374 3906 Quaeritur
393 3815 456 3891 vt.
478 3817 536 3891 An
569 3820 682 3916 possit
705 3817 842 3889 absolvi
869 3822 889 3891 a
916 3816 1129 3899 reservatis,
1157 3812 1227 3914 qui

163 3929 329 3987 eceaturn
360 3918 546 4006 commisit
575 3941 640 4015 spe
668 3914 860 3991 obtinendi
889 3913 1159 4003 absolutionem
1189 3911 1223 3983 vi

135 3938 284 4088 inuitat
299 4011 316 4086 ῗ
329 4013 454 4087 Patina
478 4016 659 4117 sententia
682 4011 787 4090 taidi
812 4012 1013 4116 probabilis
1032 4027 1143 4114 negat
1161 4065 1172 4103 ,
1189 4022 1226 4083 et
