2884 4684
236 325 308 407 opo
359 357 361 364 ,
448 313 521 383 Lib.
543 315 601 385 Vl.
620 316 729 384 Trau.
748 313 1101 387 numennumen.

236 431 368 504 dicunt
385 427 549 502 Consiua
573 456 610 528 p.
636 430 707 502 διο
731 453 766 501 u.
796 427 830 503 3.
855 431 960 530 Pasq.
978 455 1044 531 qu.
1066 431 1137 527 269
1154 455 1188 503 n.
1208 429 1245 506 8·
1278 442 1318 502 et

133 569 136 576 ·
234 532 343 605 Groix
364 555 400 600 n.
422 527 505 621 423.
524 529 656 601 Tamb.
675 529 740 625 qui
759 526 797 599 id
813 530 923 602 atidm
948 534 967 601 ὸ
991 530 1126 602 veniali
1147 544 1317 612 excusat,

233 631 264 702 ai
277 625 446 726 sacerdos
465 628 512 700 sit
529 627 742 709 abstemius,
756 640 884 701 contra
897 629 1050 702 Gavant.
1068 627 1111 699 ln
1125 626 1315 700 ablutione

233 743 356 799 autem
382 724 577 824 digitorum
596 726 727 798 dicunt
742 726 849 826 Pssq.
867 727 945 800 loe·
963 727 1024 799 cit.
1038 729 1168 820 Quarti
1183 729 1222 798 in
1239 729 1312 818 Qu.

231 851 387 926 prooem.
402 851 439 921 p.
454 823 490 899 6.
511 822 642 897 Gobat.
668 847 727 921 ap.
750 825 875 909 Croix,
899 839 936 899 et
964 825 1088 899 Bissus
1111 824 1212 925 apud
1235 827 1315 899 lile·

221 926 300 1013 Jati
354 983 359 994 .
387 923 471 1021 594.
506 921 653 995 nullum
681 948 767 994 esse
787 938 1000 1022 peccatum,
1032 924 1148 997 solam
1180 947 1314 1022 aquam

231 951 428 1111 adhibere3
441 1020 504 1094 sed
518 1020 650 1094 melius
663 1020 1046 1098 dicuntConcinaloe.
1059 1023 1123 1097 cit.
1136 1024 1310 1107 annona,

228 1123 349 1197 Amic.
371 1123 527 1204 Cossiti,
553 1133 591 1194 et
606 1120 783 1193 Armand.
802 1121 900 1221 apud
919 1121 1009 1196 Mer.
1025 1120 1096 1194 loc.
1120 1121 1180 1194 cit.
1198 1145 1237 1193 n.
1255 1143 1311 1193 21.

228 1218 270 1293 id
296 1246 372 1291 non
394 1222 557 1292 excusari
584 1223 602 1288 t
622 1217 775 1308 veniali,
801 1223 831 1290 si
854 1222 919 1293 liat
939 1223 1019 1293 siue
1041 1220 1314 1320 dispensatione

228 1316 419 1391 Pontificis
434 1345 443 1387 ε
460 1315 694 1390 excusabitur
709 1334 855 1402 tamen,
880 1332 920 1390 ut
937 1317 1085 1401 dicunt,
1101 1319 1131 1391 si
1149 1317 1244 1390 adsit
1258 1343 1315 1389 ra·

228 1416 418 1489 tinnabilis
434 1437 565 1501 causa,
584 1442 650 1515 pro
674 1441 747 1515 qua
772 1429 864 1516 puto
881 1415 1031 1516 quidem
1051 1416 1217 1490 sufficere
1242 1415 1314 1489 sli-

177 1561 181 1578 ,
230 1540 341 1614 quern
358 1540 435 1588 esse
453 1513 696 1598 abstemium,
718 1515 775 1587 rel
795 1517 923 1587 riuum
946 1541 1023 1588 esse
1042 1514 1215 1598 rubeum,
1239 1539 1315 1615 quo

228 1615 477 1714 purificatoria
490 1612 683 1692 evaderent
692 1612 906 1687 indecenter
915 1612 1188 1688 maculata.ch
1196 1613 1316 1686 obiter

229 1711 709 1801 advertendumdeeeuiibs
719 1737 808 1796 esse,
820 1714 1016 1812 utsanguis
1027 1714 1315 1786 sumaturunico

231 1809 386 1899 hausto,
407 1810 517 1907 proiit
532 1814 779 1883 cummuniter
795 1809 947 1883 docetur
966 1838 976 1898 ς
993 1814 1211 1911 permittunt
1230 1809 1316 1886 verb

227 1908 361 1983 Bauld.
378 1909 579 1994 Gabrinus,
595 1908 771 1982 Armand.
793 1925 827 1979 et
844 1908 904 1982 alii
921 1912 1022 2008 apud
1038 1911 1166 1983 Meruti
1179 1937 1214 2008 p.
1226 1910 1313 2010 593.

227 2033 336 2109 posse
352 2010 504 2082 calicem
521 2007 684 2081 secunda
704 2022 741 2079 et
762 2007 867 2080 tertia
883 2012 962 2080 rice
981 2010 1027 2081 ad
1042 2035 1082 2082 os
1099 2009 1313 2094 admoueri,

227 2122 269 2179 ut
287 2106 452 2206 reliquiae
470 2103 655 2200 sauguinis
670 2105 911 2178 absumantur
929 2130 938 2196 ;
958 2110 1023 2188 sed
1037 2106 1170 2180 melibs
1184 2106 1315 2180 dicunt

226 2203 420 2280 Tournell.
437 2204 648 2277 castaldei
666 2206 815 2278 Crassus
841 2203 1000 2293 ibidem,
1025 2205 1141 2279 semel
1160 2204 1316 2279 calicem

228 2307 282 2376 uri
300 2301 591 2396 admovendum,
608 2302 880 2403 aliquantulbm
900 2303 1135 2377 immorando
1160 2319 1203 2378 ut
1229 2303 1316 2377 reli·

227 2404 327 2501 quiae
348 2429 477 2475 omues
493 2402 696 2500 (quantiam
714 2403 791 2484 lieri
812 2407 955 2502 potest)
970 2403 1212 2486 attrabuntur·
1231 2404 1316 2475 Mo·

225 2500 447 2574 nuit-autem
463 2502 498 2574 S.
519 2502 610 2575 Pius
625 2501 672 2573 V.
693 2502 732 2571 in
750 2500 909 2600 quadam
926 2501 1081 2672 Epistol.
1102 2501 1199 2601 apud
1224 2503 1314 2575 Gar.

223 2613 319 2699 part.
344 2624 365 2671 2
387 2598 480 2671 titul.
511 2626 552 2673 ro
580 2600 690 2692 litter.
714 2598 759 2671 Y.
784 2613 827 2672 ut
853 2600 1068 2674 inculcem
1096 2599 1316 2673 infundatur

226 2698 355 2770 eadem
371 2698 445 2770 riui
494 2699 667 2782 oculitus,
687 2702 726 2769 in
750 2723 820 2796 qua
840 2698 990 2772 fuerunt
1006 2700 1147 2798 species
1162 2700 1314 2796 sungui-

223 2797 282 2869 nis
295 2858 302 2880 ,
322 2810 358 2912 et
371 2725 537 2908 sumaim
550 2805 616 2896 pel
628 2796 795 2869 eamdem
806 2823 832 2897 p
844 2812 953 2872 artem
963 2856 972 2891 ,
983 2802 1055 2899 qud
1072 2811 1245 2896 sumptus
1257 2811 1318 2870 est

224 2919 391 2976 sanguis.
502 2927 539 2958 ὀ
983 2913 987 2920 “

273 2985 361 3065 H'aec
376 2990 553 3066 hactenus
566 2991 691 3094 qodud
709 3010 831 3092 partes
845 2994 1045 3070 ordinarias
1059 3023 1067 3066 :
1087 2992 1211 3095 qubad
1224 2993 1311 3067 vero

226 3105 346 3191 partes
356 3092 674 3176 uxtmordnarias,
686 3093 841 3184 scilicet,
854 3119 936 3194 quae
948 3119 1023 3167 non
1036 3095 1076 3167 in
1091 3097 1191 3166 omni
1201 3093 1309 3166 Missa

224 3188 421 3274 dicuntur,
438 3215 497 3262 eas
513 3193 680 3265 omittere
701 3217 777 3264 non
796 3206 851 3265 est
866 3193 936 3265 nisi
952 3191 1094 3265 reniale
1113 3217 1122 3278 ;
1143 3194 1191 3264 itu
1212 3213 1316 3264 com·

220 3290 388 3382 munitur
404 3294 530 3361 cinnes
542 3344 551 3371 ,
562 3291 630 3362 nisi
648 3304 703 3363 tot
716 3292 1086 3390 partesomittantur,
1100 3316 1185 3390 quae
1200 3288 1312 3363 simirl

222 3397 380 3485 sumptae
400 3384 601 3458 notabilem
628 3389 817 3460 materiam
842 3392 1124 3476 constituerent,
1149 3402 1192 3460 ut
1218 3385 1314 3460 bene

223 3485 420 3558 advertunt
434 3485 595 3557 Concina
612 3511 648 3586 p.
668 3486 739 3560 510
756 3512 790 3558 n.
807 3489 841 3562 3.
856 3503 891 3559 et
909 3485 1116 3586 Wiogandt
1132 3500 1239 3560 tract.
1267 3488 1309 3560 15

222 3603 263 3658 n:
288 3582 347 3682 75.
373 3582 557 3752 ‹ppidquid
573 3583 697 3657 dicant
724 3587 877 3677 Quarti,
895 3597 932 3657 et
953 3589 1060 3685 Pasq.
1083 3586 1184 3682 apud
1198 3585 1314 3657 Groirr

222 3709 261 3756 n.
280 3685 364 3775 420.
420 3681 478 3755 ide
496 3681 592 3755 dicta
613 3710 649 3756 n.
665 3685 748 3780 4οο.
769 3683 922 3756 Veniale
939 3697 1060 3755 autem
1080 3683 1225 3757 tanturn
1242 3685 1316 3757 erit

224 3782 393 3866 omittere
414 3780 560 3872 Gloria,
591 3797 654 3853 aut
684 3780 828 3871 Credo,
860 3783 1110 3881 sequentiam,
1141 3780 1315 3854 collectas

165 3042 219 3115 los

222 3880 382 3977 (preter
402 3882 587 3981 propriam
603 3882 762 3968 Missae),
778 3891 935 3954 tractum
946 3937 954 3963 .
965 3880 1237 3966 Praefationem,
1252 3878 1313 3950 rel

222 3979 566 4068 Communicautcs,
588 3995 652 4052 aut
672 3980 776 4052 lianc
794 3977 921 4077 igitirr,
943 3982 1129 4072 specialia.
1149 3981 1201 4053 tu
1216 3999 1314 4052 eom·

219 4077 579 4166 munirer-concina,
596 4093 631 4151 et
645 4078 825 4176 Wigandt
841 4077 1031 4153 llicePal.
1040 4103 1123 4249 par.
1140 4104 1180 4150 rr
1200 4101 1237 4150 n.
1257 4100 1314 4147 rr.

219 4175 378 4273 Roucag.
397 4193 458 4274 qu.
477 4178 553 4270 4Β.
570 4202 602 4250 2.
618 4180 841 4274 Mamottcp.
854 4175 1038 4275 209'.Elbe
1067 4199 1106 4250 n.
1124 4176 1206 4267 284.
1222 4197 1314 4247 cum

218 4267 369 4362 lisano,
388 4290 426 4350 et
438 4274 550 4352 Croix
563 4299 601 4354 o.
614 4277 701 4373 422.
715 4301 803 4352 cum
816 4277 941 4378 Lugo,
955 4277 1091 4367 Diana,
1104 4289 1143 4348 ot
1155 4271 1315 4358 Filliuc,
