2884 4684
324 246 406 338 cup.
423 245 465 315 11.
478 243 567 315 Dnb.
580 243 626 311 ll.
642 238 847 336 Desnbjecto
860 241 1080 317 Eucharistiae.
1206 266 1247 334 77
1265 198 1268 204 Ι

159 377 248 431 men
267 373 412 435 constat
427 383 470 432 ex
490 356 657 433 Trident.
684 357 809 431 adesse
821 371 1085 456 ,praeceptum
1106 371 1149 429 ut
1170 369 1257 439 ata·¹

158 455 230 529 tim
247 457 330 530 aute
345 455 656 533 Communionem
676 452 724 531 de
737 455 804 529 illo
823 457 1050 531 confiteatur.
1066 454 1191 528 Dices:
1204 457 1250 529 Iu

160 552 332 629 Concilio
369 554 518 653 jubetur
553 554 726 627 conscius
762 554 902 652 peccati
933 578 1008 628 non
1041 554 1249 629 communi-

158 676 246 722 care
264 655 333 726 nisi
359 653 540 751 promisse
562 652 821 738 confessione,
838 653 1072 751 quantumvis
1096 654 1143 726 sit
1166 677 1250 726 oon·

158 751 298 838 tritus;
315 751 404 849 ergit
431 755 494 852 qui
512 750 726 824 recordatur
744 752 884 848 pcccati
908 748 1013 824 obliti
1040 749 1125 824 ante
1143 751 1249 824 Com·

162 850 413 941 munionem,
442 849 553 923 debet
581 847 788 923 necessario
821 847 920 922 illud
955 848 1135 923 confiteri.
1176 848 1248 922 Sed

157 946 423 1046 respondetur,
438 947 593 1048 quodin
604 946 822 1020 Tridentino
839 945 889 1019 ibi
906 944 1048 1020 tantiam
1060 947 1248 1046 praecipia-

157 1058 222 1116 tur
239 1102 249 1134 ,
266 1062 308 1119 ut
323 1050 530 1145 poenitens,
553 1044 703 1120 accedat
717 1045 766 1117 ad
782 1045 1091 1127 Commonionem
1113 1047 1249 1143 justifi-

159 1157 265 1215 catos
294 1171 370 1218 non
401 1172 467 1245 per
490 1145 606 1219 solam
638 1144 928 1233 contritionem,
954 1141 1021 1219 sed
1047 1146 1154 1216 etiim
1182 1170 1249 1244 per

157 1240 435 1319 contessionem
450 1270 460 1333 ;
478 1261 514 1318 at
530 1244 590 1317 hic
606 1248 679 1341 jam
695 1256 751 1315 est
765 1244 874 1317 etitrn
890 1267 956 1342 per
971 1241 1249 1317 Confessionem

146 1342 407 1438 ¹justificatus,
434 1341 591 1443 idebque
612 1368 686 1413 nou
707 1355 852 1416 tenetur
877 1343 998 1414 statim
1027 1339 1111 1414 ante
1133 1340 1256 1434 Com-f

159 1440 376 1513 munionem
399 1444 531 1515 iterum
550 1441 732 1514 confiteri.
747 1442 883 1514 ²Prarsis
911 1454 1032 1515 autem
1055 1437 1249 1524 fidelium,

161 1562 246 1650 quae
259 1540 485 1638 opponitur,
502 1566 577 1611 non
603 1553 656 1611 est
670 1537 838 1611 habenda
861 1537 901 1609 iit
923 1536 1048 1635 regula
1069 1553 1166 1612 certa
1181 1537 1249 1610 ob-

159 1633 344 1731 ligationis
360 1694 370 1724 ,
384 1637 580 1737 sedpotiirs
594 1637 636 1708 iit
651 1638 736 1735 pius
750 1651 788 1708 et
801 1633 997 1710 laudabilis
1013 1662 1100 1713 usna
1114 1691 1123 1721 ‚
1137 1662 1248 1735 quem

159 1762 231 1833 ego
255 1738 502 1837 etiltmqnam
528 1734 716 1820 maxime,
748 1734 904 1833 praecisia
933 1735 1248 1825 circumstantiis,

158 1833 394 1909 suadendum
432 1849 556 1934 pnto;
593 1832 837 1907 nihilominirs
873 1833 1172 1922 illustrissimus,
1212 1847 1249 1907 et

161 1929 397 2007 doctissimus
414 1934 583 2031 Magister
599 1958 703 2005 meus
719 1933 763 2004 F.
775 1931 896 2005 Julius
910 1932 1081 2020 Toruus,
1101 1947 1138 2007 et
1155 1931 1247 2019 aliua
1281 2014 1287 2029 ι

161 2030 379 2127 Theologus
396 2032 633 2107 Exarninator
651 2028 843 2128 synodalis
860 2031 899 2103 in
916 2029 1017 2103 Urbe
1035 2030 1190 2129 Neapoli
1210 2032 1248 2103 iu

159 2157 203 2201 rc
222 2129 352 2205 rubrnli
373 2130 477 2204 valde
494 2144 675 2218 versatos,
695 2155 779 2203 cum
798 2128 878 2201 aliis
896 2127 1014 2203 doctis
1031 2130 1250 2207 Recentiori-

159 2226 276 2301 bosi
303 2256 362 2302 me
385 2227 589 2319 consultis,
617 2224 710 2299 milri
736 2226 984 2314 affirmlrunt,
1004 2227 1101 2299 hanc
1117 2253 1250 2302 secun·
1331 2266 1335 2273 1

161 2325 250 2399 dam
266 2329 485 2402 sententiam
503 2352 581 2403 esse
594 2324 702 2400 ratde
722 2324 964 2422 probabilem.
1103 2395 1106 2400 .

212 2426 336 2516 Quaer.
355 2428 417 2500 lll.
437 2427 495 2501 An
518 2424 598 2501 talis
621 2425 822 2511 Poenitens,
847 2425 912 2521 qni
930 2422 1143 2498 recordatur
1162 2449 1251 2525 pecs.

160 2525 236 2597 cati
258 2524 426 2598 mortalia
448 2521 724 2624 inculpabiliter
745 2522 850 2595 obliti
873 2524 911 2595 in
934 2520 1190 2608 Confessione,
1213 2538 1252 2597 ot

161 2623 231 2720 qni
247 2625 417 2697 confiteri
435 2621 495 2695 vel
518 2623 648 2721 nequit
664 2620 722 2694 vel
752 2620 847 2692 nolit
878 2624 976 2718 juxta
995 2646 1081 2693 mox
1102 2618 1251 2697 allatam

158 2723 448 2795 senteutiam-iu
472 2720 696 2821 praecedeuti
721 2721 944 2817 quaestione,
972 2732 1149 2791 teneatur·
1164 2719 1248 2809 ante

159 2821 475 2892 Communioneru
500 2835 624 2895 actum
647 2817 879 2890 contritionis
904 2816 1065 2895 elicere?
1085 2816 1253 2891 Affirmat

159 2918 314 2988 Medma
331 2918 581 3016 opudLugod.
598 2920 687 3008 idn.
709 2941 788 2988 rar.
811 2914 1115 3013 ethiona,p.,2
1139 2929 1184 2991 tr.
1205 2917 1248 3008 td

158 3016 209 3086 Ii.
227 3019 287 3107 48.
305 3020 465 3093 citantur
488 3042 555 3115 pro
573 3016 642 3088 lrac
659 3014 839 3087 sententia
855 3013 966 3085 etiam
983 3012 1074 3111 Bag,
1098 3012 1198 3089 Sum.
1217 3030 1254 3086 et

162 3113 280 3207 Groff
295 3115 368 3188 Sed
381 3115 510 3187 dicunt
523 3114 608 3210 Lug.
623 3115 687 3183 loc.
703 3112 762 3186 cit.
777 3128 814 3183 et
825 3110 987 3185 Escob.l.
1005 3137 1061 3195 20·
1078 3111 1121 3184 de
1135 3109 1251 3185 Erech.

162 3212 287 3285 Probl.
299 3214 599 3310 56.nequaquo1n
609 3239 647 3284 sc
656 3210 835 3284 invenisse
844 3209 936 3299 loca,
946 3207 1011 3281 ubi
1021 3211 1098 3287 tt.
1112 3210 1255 3308 praefati

163 3310 265 3384 hanc
280 3313 499 3393 sententiam
517 3311 720 3385 docuerint.
735 3307 814 3387 Alii
823 3307 928 3398 verb,
946 3323 985 3380 ut
1004 3307 1100 3406 Lago
1113 3333 1151 3377 n.
1173 3334 1252 3381 aaa.

164 3410 359 3487 Halani.
384 3437 394 3484 r
418 3436 456 3506 p.
477 3411 599 3485 35011.
619 3394 681 3506 69.
699 3407 829 3481 Errob.
845 3434 884 3477 n.
906 3431 977 3503 29⁰
996 3433 1078 3480 cum
1093 3406 1252 3501 Proper.

161 3524 203 3580 et
218 3509 329 3580 Gran.
343 3530 387 3580 oo
403 3509 437 3579 Τ
434 3533 531 3583 ωιτη.
550 3535 589 3602 p.
614 3507 685 3581 506
706 3531 741 3604 q.
765 3504 799 3577 3.
821 3510 897 3577 cum
913 3504 1045 3602 dylvio,
1062 3520 1097 3575 et
1114 3504 1252 3601 Quarti,

163 3602 1085 3703 primarusententiamcommuniterrejiciunt;hac
1098 3600 1250 3699 quidem

163 3706 241 3777 nixi
256 3706 513 3801 ratione,quia
528 3704 670 3778 homini
682 3700 821 3797 integre
839 3702 1033 3800 justificato
1044 3701 1101 3797 (ut
1116 3725 1253 3799 suppo·

164 3804 294 3899 nitur)
321 3801 456 3881 sufficit
480 3803 688 3901 justificatio
717 3827 787 3873 aua
806 3822 820 3887 ;s
850 3823 916 3872 nec
952 3796 1072 3871 ullum
1103 3815 1254 3898 apparet

166 3900 470 3991 fundamentum,
494 3899 610 3983 unde,
629 3914 664 3972 et
681 3897 735 3975 ad,
747 3896 838 3996 ,quid
855 3896 934 3969 lroec
950 3898 1119 3968 contritio
1137 3899 1255 3996 requi·

166 4017 293 4072 ratur:
316 4026 455 4074 nones
474 4014 678 4177 praecepto,
701 3995 885 4096 quiahoc
911 3993 1048 4068 nullibi
1069 3996 1256 4083 invenitur,

156 4099 450 4197 ,praescriptum
473 4123 582 4175 riona
626 4094 828 4175 delendum
847 4109 1056 4193 peccatum,
1075 4095 1161 4193 quia
1181 4086 1257 4167 hocf

167 4203 244 4294 jam
262 4197 427 4272 deletum
440 4210 493 4273 est
513 4221 579 4295 per
599 4194 864 4269 consessionem
887 4196 993 4266 autea
1007 4191 1154 4267 saetam.
