2884 4684
234 202 317 299 Cap.
341 203 368 271 1.
385 198 474 271 nub.
489 200 532 270 ll.
550 198 601 270 De
618 174 751 270 micaria
767 178 869 295 'hujus
886 198 1094 269 &crementi
1138 196 1203 291 395

129 311 341 419 perfugam
370 311 618 385 familiaritatis
645 337 732 384 oum
758 338 912 410 persona
939 308 1131 409 complicis
1159 333 1203 381 ex

130 413 297 509 proximo
312 412 371 483 liat
385 412 578 483 remotum.
595 412 708 483 Prasia
720 427 842 481 autem
854 407 1103 497 consuetudo,
1117 432 1204 480 cum

129 533 205 580 non
224 509 355 582 habeat
379 509 565 603 objectum
587 509 830 591 extrinsecum
856 532 1035 604 praesens,
1055 531 1129 578 non
1153 507 1205 577 in

129 608 259 706 utique
285 607 381 680 sicit
407 610 549 677 occasio
578 602 623 676 ad
651 605 878 701 peccandum
904 604 1080 703 impellit;
1104 596 1205 675 nodi

115 705 194 794 ¹lit,
214 722 256 776 nt
271 705 454 806 poenitene
472 705 652 777 minorem
673 705 743 775 vim
763 705 832 776 sibi
848 704 981 776 inferre
1004 701 1134 774 debeat
1156 698 1207 775 ad

132 801 391 877 abstinendum
408 807 427 875 b
450 817 607 901 peccato.
622 803 823 887 Praeterea,
842 826 928 875 cum
946 826 1075 900 prasus
1096 797 1205 872 habi-

126 911 190 975 tus
203 903 249 973 sit
264 900 355 1001 qnid
368 903 607 974 intrinsecum
619 914 656 973 et
667 899 908 1000 inseparabile
925 905 942 971 a
956 923 1131 999 persona,
1145 923 1206 970 ex·

131 1001 278 1098 tirpatio
305 997 451 1073 liabitirs
480 998 627 1083 minias,
652 1005 766 1099 quam
794 998 944 1071 remotio
972 996 1205 1087 occasionis,

132 1098 272 1196 pendet
284 1101 304 1170 a
344 1099 463 1196 ropria
474 1097 677 1189 voluntate,
691 1112 728 1170 et
740 1094 825 1169 ideo
834 1100 947 1196 magis
961 1095 1208 1196 sperandum,

133 1194 234 1286 sore,
261 1212 302 1269 ut
375 1224 415 1268 us
437 1195 572 1269 bonam
593 1194 820 1270 voluntatem
837 1221 901 1296 per
917 1200 1056 1293 maiora
1074 1192 1209 1265 auxilia

134 1295 281 1407 adjuvet
297 1294 344 1366 ad
365 1292 683 1392 perseverandum.
701 1295 768 1367 His
787 1293 911 1393 positis
927 1349 936 1379 ,
954 1290 1208 1391 imprudenter
1273 1300 1278 1317 '

135 1410 207 1487 agit
224 1391 486 1482 Confessarius,
498 1392 692 1465 siabsolrit
703 1418 802 1479 eum,
817 1394 882 1493 qui
894 1408 950 1464 est
963 1391 1001 1464 in
1017 1390 1209 1469 occasione

134 1491 348 1575 extrinseca,
363 1489 493 1564 saltim
508 1507 704 1590 antequam
721 1495 938 1590 experiatur,
953 1489 1053 1590 quod
1066 1487 1128 1561 itta
1143 1510 1209 1584 pet·

132 1585 257 1683 sugam
283 1587 410 1662 reddat
465 1587 645 1662 ericulum
671 1606 876 1681 remotum,
900 1616 985 1662 narn
1012 1586 1099 1659 alias
1121 1611 1210 1659 eum

133 1686 355 1784 relinquitin
363 1617 547 1800 probabili
558 1688 721 1787 periculo
731 1686 953 1785 infringendi
967 1685 1211 1785 propositum,
1253 1715 1255 1719 ’

135 1807 179 1856 eo
196 1783 298 1883 quod
310 1784 390 1857 lalrs
405 1785 583 1884 poenitens
594 1801 677 1885 post
690 1784 876 1859 obtentam
887 1783 1153 1857 absolutionem
1164 1782 1212 1854 la·

134 1880 1212 1982 cilineglectnrnssitl'ugamnecessarrbadhibendam,etsic

134 1980 214 2052 sine
229 1979 343 2053 dubio
358 1979 568 2077 relapsurus
580 1985 637 2054 sit.
647 1983 680 2054 E
692 2008 868 2056 converso
882 1981 1082 2080 prudenter
1094 1978 1213 2052 absol-

133 2078 1213 2179 vitnrrecidivusexcausaintrinseca,sircreestdispositns

138 2203 205 2290 per
223 2178 367 2273 signum
383 2178 711 2252 extraordinarium
727 2179 883 2263 doloris,
901 2179 986 2278 quia
1005 2176 1214 2275 pericnlum

135 2298 176 2347 tn
187 2273 475 2373 eo‚insringendi
490 2276 729 2374 propositum,
739 2278 1115 2376 estmagisremotum,
1126 2300 1213 2348 cum

136 2399 180 2445 err
198 2398 273 2446 una
295 2391 394 2472 parte
409 2401 484 2445 non
505 2372 598 2447 adsit
615 2398 724 2446 cansa
739 2378 935 2449 extrinseca
954 2375 999 2447 ad
1019 2389 1214 2474 peccatum

138 2470 350 2571 impellens,
359 2487 395 2544 et
406 2497 449 2544 ex
461 2470 528 2545 alia
542 2473 783 2568 maioraDeus
795 2474 1067 2574 praebiturussit
1080 2470 1215 2545 auxilia

137 2574 333 2676 poeniteoti
349 2567 395 2643 ad
412 2570 670 2671 extirpandum
684 2597 838 2685 pravum
853 2571 1037 2659 habitum,
1055 2571 1118 2671 qui
1144 2570 1214 2669 ipsi

137 2667 279 2742 nolenti
292 2695 333 2741 ac
344 2667 535 2742 detestanti
549 2673 654 2749 inest;
663 2668 751 2742 bruc
760 2672 873 2766 magis
882 2666 1118 2770 sperandum,
1127 2669 1213 2756 iore,

139 2782 182 2840 ut
202 2765 265 2839 illc
283 2766 497 2841 emendetur
515 2794 580 2867 per
594 2769 770 2840 auxilium
789 2771 908 2864 gratiae
928 2769 966 2839 in
979 2769 1215 2840 sacramento

137 2879 339 2963 susceptae,
359 2869 468 2964 quam
489 2890 556 2964 per
576 2864 789 2938 dilationem
808 2864 1056 2938 absolutionis.
1083 2863 1215 2962 «Saepe

138 2995 159 3033 >›
190 2968 289 3062 jurat
309 2965 385 3060 (ait
405 2963 533 3036 doctus
552 2966 582 3037 P
613 2967 664 3036 La
685 2966 818 3049 Croix,
837 2965 901 3065 qni
921 2963 1061 3069 egregie
1087 2976 1217 3036 tractat

138 3093 159 3132 n
188 3062 234 3134 de
251 3062 321 3134 hoc
338 3062 571 3135 Sacramento
584 3062 835 3152 Poenitentiae)
851 3063 1001 3161 relapsis
1014 3062 1214 3148 absolutio,

142 3188 162 3229 n
190 3178 269 3234 turn
287 3158 335 3234 ob
351 3160 484 3234 auxilia
503 3162 639 3258 gratiae,
652 3187 734 3260 quae
753 3161 894 3235 confert
910 3162 1216 3246 Sauramentum,

139 3288 161 3329 n
189 3276 224 3331 et
241 3258 377 3360 quibus
392 3273 514 3359 polest
529 3261 667 3332 muniri
681 3260 892 3349 absolutus,
934 3264 992 3334 uia
1008 3261 1068 3361 pia
1083 3259 1217 3332 exerci-

140 3387 159 3427 ο
191 3359 239 3429 tia
266 3357 313 3432 ab
334 3356 546 3432 efficacitate
570 3357 794 3433 Sacramenti
821 3287 1013 3432 habebunt
1039 3363 1216 3457 majorem

140 3484 161 3525 s>
189 3458 288 3543 vim,
311 3473 494 3555 eruntque
513 3456 767 3555 Deogratiora
790 3472 827 3527 et
845 3457 1067 3545 efficaciora,
1088 3455 1217 3552 utpotb

122 3585 158 3655 ,a
189 3554 345 3653 factalab
360 3555 477 3631 amico
492 3554 558 3627 Dei
575 3610 583 3639 ,
604 3570 641 3628 et
655 3581 699 3629 ex
718 3556 947 3630 institutione
960 3556 1095 3629 Christi
1109 3554 1218 3626 inerit

141 3680 162 3720 >s
191 3656 242 3725 eis
257 3656 377 3752 major
391 3655 443 3726 via
462 3652 814 3743 satisfactoria3tunc
829 3655 937 3729 etiam
950 3679 1032 3754 spes
1046 3667 1112 3739 est,
1122 3678 1217 3725 usu·

140 3781 162 3821 n
192 3777 274 3824 rum
290 3749 484 3827 ferventibs
494 3750 625 3824 mediis
638 3753 967 3853 praescriptis,nam
980 3750 1107 3826 dilatio
1121 3749 1217 3823 mul·

140 3877 162 3919 n
191 3864 246 3920 tos
262 3846 435 3938 offendit,
454 3850 539 3948 quia
556 3874 632 3925 non
650 3850 829 3936 redeunt,
845 3850 911 3924 sed
929 3849 1135 3923 redduntur
1151 3847 1218 3945 ob«

142 3977 161 4015 s
193 3946 332 4042 durati)
343 3979 361 4013 s
372 3946 491 4123 Idpue
499 3947 665 4042 expresse
674 3947 929 4048 approbaturi
942 3951 986 4023 D.
1000 3948 1071 4023 Tb.
1086 3948 1216 4059 Suppl.

144 4070 184 4151 ς.
208 4045 255 4123 25
271 4061 338 4124 art.
362 4072 377 4123 t
399 4073 420 4123 a
464 4048 489 4144 4
507 4043 573 4127 ubi
590 4046 1084 4149 inquisitionemque
1101 4072 1218 4146 majus
