2884 4684
212 282 442 377 Gsptlaltub.
461 282 503 348 li.
515 282 571 349 -De
586 279 722 349 essentis
737 279 837 372 bajus
848 278 1059 353 sacramenti.
1124 271 1194 378 56}

107 412 147 473 st
166 400 279 474 Ronc.
295 427 327 472 c.
347 402 369 492 4
386 424 421 498 q.
445 424 458 469 1
479 398 522 469 R.
549 425 560 470 ι
585 396 684 496 quod
704 401 848 471 occssio
866 397 1029 495 proxima
1040 418 1192 493 perse,

107 501 155 569 sit
181 497 267 586 illa,
297 500 336 571 in
362 522 432 596 qua
459 495 628 570 homines
655 499 901 570 communiter
920 512 961 566 ut
985 493 1192 595 plurimirm

112 613 287 692 peccant:
306 600 471 692 proximo
484 609 607 667 autem
621 619 688 691 per
700 593 887 679 occidens,
906 589 980 665 sire
994 594 1194 693 respectiva

116 709 171 766 est
195 694 279 783 itta,
299 718 381 794 quse
397 750 406 783 ,
424 692 511 766 licet
535 718 599 791 per
619 719 656 767 se
680 706 847 792 respectu
867 690 1024 764 aliorum
1045 718 1120 766 non
1147 691 1196 766 sit

111 792 274 890 proxima
290 849 299 882 ‚
315 792 360 864 eb
374 791 475 889 quod
492 818 566 863 non
585 792 628 864 sit
642 805 723 891 apta
742 791 789 862 de
803 817 866 862 sus
882 806 1011 863 natura
1030 814 1197 880 commus

109 893 204 962 nites
222 888 399 963 inducere
415 889 583 962 homines
596 890 644 962 sd
656 903 849 990 peccatum
864 946 872 972 ,
889 904 1011 961 tamen
1026 902 1196 1003 respectu

111 985 270 1086 aiicujus
290 989 525 1088 estproximo
544 1014 553 1075 ;
576 987 635 1060 vel
651 989 737 1087 quia
755 988 815 1059 bic
831 989 869 1059 in
887 988 952 1059 iiia
972 1012 1164 1060 occasione
1184 1039 1196 1074 ,

112 1089 180 1158 etsi
202 1112 276 1158 non
295 1087 368 1160 ferri
386 1112 546 1186 semper,
563 1083 901 1187 uecsrequentiirs,
919 1086 1130 1180 frequenter
1148 1103 1197 1158 ta·

111 1210 196 1255 meu
218 1183 374 1273 cecidit3
395 1184 449 1256 rel
475 1186 585 1284 quit,
605 1188 767 1284 spectati
790 1190 870 1282 ejus
886 1186 1069 1285 praeterite
1087 1184 1199 1284 fragi-

115 1283 244 1370 litate,
274 1283 475 1381 prudenter
494 1286 640 1357 timetur
655 1283 770 1381 ipsius
786 1281 923 1381 lapsus.
941 1282 1052 1357 Unde
1070 1306 1200 1383 perpe·

115 1406 194 1451 ram
209 1379 336 1453 dicunt
351 1380 442 1454 Nar.
459 1407 491 1454 c.
509 1383 530 1454 3
549 1406 585 1454 n.
607 1408 661 1482 ¹7·
676 1384 767 1481 Lug.
788 1379 871 1453 dist.
896 1382 937 1475 14
955 1407 1056 1452 num.
1083 1382 1148 1455 150
1162 1397 1201 1454 et

113 1476 206 1549 Viva
222 1505 259 1576 q.
281 1481 384 1551 dart.
403 1482 425 1573 4
441 1506 479 1552 n.
496 1480 517 1553 5
536 1506 622 1552 cum
640 1481 741 1563 aliis,
761 1504 930 1552 nonesse
949 1479 986 1551 iu
1008 1482 1199 1553 occasione
1291 1532 1294 1537 -

120 1577 283 1674 proxima
312 1577 584 1661 adolescentes,
615 1581 679 1678 qui
705 1576 908 1651 laborando
927 1600 1011 1650 cum
1038 1577 1200 1653 foeminis

119 1690 272 1768 peccant
292 1702 495 1764 consensu,
516 1676 659 1764 verbis,
679 1690 743 1748 out
761 1676 944 1766 tactibus,
965 1676 1128 1777 eoquod
1145 1678 1203 1774 (ut

116 1771 265 1863 dicunt)
284 1800 359 1845 non
380 1774 454 1847 fere
473 1777 672 1873 semperin
695 1775 829 1847 talibus
842 1775 1097 1848 occasionibus
1116 1802 1202 1876 pec-

117 1885 227 1957 caut3
253 1897 367 1954 nam,
392 1886 434 1943 ut
462 1872 646 1956 diximus,
675 1871 721 1943 ad
744 1875 974 1960 occasionem
998 1874 1203 1971 proximam

117 1968 412 2041 constituendam
430 1970 566 2043 sufficit
583 2026 593 2057 ,
610 1985 653 2042 ut
667 1970 778 2042 borno
801 1970 1012 2069 frequenter
1027 1974 1066 2044 in
1085 1999 1126 2044 ea
1145 1973 1204 2045 lae·

116 2064 235 2140 batur.
249 2067 461 2140 Notandum
476 2067 583 2153 verb,
601 2067 702 2166 quod
721 2067 923 2168 aliquandb
939 2071 1102 2157 occasio,
1119 2094 1204 2169 que

121 2182 287 2264 respectu
312 2166 470 2238 aliorum
489 2169 736 2241 communiter
758 2184 813 2240 est
832 2169 1015 2266 prosims,
1034 2184 1206 2267 respectu

117 2263 279 2336 bominis
310 2263 415 2336 valde
446 2265 497 2358 pii
521 2278 556 2335 et
583 2267 681 2336 cauti
707 2269 841 2364 poterit
863 2291 941 2340 esse
968 2283 1133 2357 remota,
1165 2268 1208 2344 ut

118 2361 216 2435 bend
234 2361 429 2436 advertunt
444 2360 588 2434 Holzm.
606 2379 644 2437 et
658 2364 768 2437 Croix
783 2363 808 2436 l.
825 2392 859 2439 c.
879 2454 881 2459 ι
1182 2384 1193 2457 J
1223 2374 1226 2391 ¹

105 2534 108 2539 Α
168 2461 417 2559 Distinguitur
437 2486 472 2535 α.
487 2461 632 2535 occasio
646 2463 683 2534 in
699 2461 941 2536 voluntariam
958 2522 968 2554 ,
988 2479 1024 2538 et
1038 2490 1206 2538 necesse·

120 2559 225 2633 riam.
246 2560 281 2630 V
278 2558 448 2631 oluntodo
467 2575 534 2649 est,
553 2584 633 2659 quae
648 2558 752 2633 focile
765 2559 900 2634 dimitti
918 2577 1062 2662 potest:
1081 2589 1208 2636 ueces-

118 2657 237 2743 surr'a,
260 2683 342 2755 quae
362 2656 510 2755 physice
530 2659 610 2744 ,vei
632 2656 821 2731 moraliter
840 2682 914 2733 non
942 2674 1060 2760 potest
1083 2660 1209 2734 avelli.

168 2754 377 2829 Periculum
412 2759 772 2856 autent·proximum
803 2756 905 2829 aliud
934 2774 990 2833 est
1018 2760 1208 2852 formale,

46 2897 51 2904 ·
121 2853 227 2928 aliud
249 2851 447 2926 materiale.
467 2854 634 2928 Fonuale
647 2871 701 2929 est
719 2854 835 2942 ittud,
854 2856 955 2958 quod
970 2871 1024 2932 est
1039 2857 1211 2959 proxim}

121 2957 367 3048 conjunctum
389 2976 477 3026 cum
495 2967 670 3053 peccato,
691 2954 740 3027 itt
760 2968 800 3026 ut
816 2954 928 3030 homo
946 2959 984 3028 in
1003 2982 1047 3030 eo
1067 2958 1208 3030 consti·

118 3066 223 3126 tutus
235 3050 474 3149 probabiliter
482 3066 701 3153 pecceturus
714 3055 768 3136 sit,
780 3053 853 3126 sire
868 3057 904 3125 in
917 3071 1110 3154 peccatum
1121 3081 1209 3128 con·

93 3142 97 3157 '
117 3150 1207 3251 sensurumetbocpericulumsempervitondnmest-Intel-

120 3244 150 3322 ii
176 3248 312 3320 endum
327 3263 447 3320 tamen
462 3248 533 3321 hoc
546 3256 604 3333 (ut
619 3248 715 3324 benc
731 3250 886 3323 advertit
898 3250 1006 3325 Croix
1022 3252 1047 3325 l.
1064 3254 1086 3326 5
1101 3274 1206 3326 nom.

125 3274 196 3439 add
213 3353 226 3437 )
243 3401 250 3430 ,
268 3349 299 3419 si
315 3346 523 3448 periculum
538 3349 585 3420 sit
599 3347 823 3435 consensis,
842 3375 916 3422 non
932 3366 1054 3423 autem
1068 3348 1209 3450 simpli·

124 3448 178 3518 cis
197 3448 427 3533 tentationis,
443 3462 505 3519 aut
523 3461 704 3520 motuum.
724 3449 909 3519 Materiale
926 3449 1010 3537 verb
1027 3463 1082 3523 est
1099 3449 1207 3539 illud,

124 3543 226 3644 quiid
241 3568 326 3616 cum
344 3557 496 3644 peccato
511 3569 587 3621 noo
606 3563 661 3618 est
677 3542 846 3643 proxime
860 3552 1123 3644 conjunctum,
1142 3547 1207 3621 sed

123 3641 266 3716 tuntum
296 3642 460 3726 remote,
492 3645 630 3718 rationo
659 3645 882 3721 necessitatis
907 3660 944 3718 et
972 3646 1209 3729 mediorum,

127 3764 212 3841 quae
228 3742 339 3813 horno
355 3740 503 3813 adhibet
519 3741 563 3813 ad
579 3759 769 3841 peccatum
784 3743 997 3830 vitandumss
1011 3745 1110 3818 unde
1121 3742 1210 3818 turic

124 3840 282 3921 accidet,
306 3837 404 3938 quod
422 3842 562 3912 occasio
581 3839 627 3913 de
643 3868 678 3914 se
695 3843 742 3914 sit
757 3844 933 3942 proxima,
953 3857 989 3915 et
1003 3843 1211 3939 periculum

125 3953 312 4013 remotum
336 3967 344 4010 ε
366 3936 478 4039 proiit
497 3942 641 4011 evenire
657 3955 778 4040 potest
802 3942 838 4011 in
859 3941 1065 4039 Chirurgo,
1090 3943 1211 4041 quiin

128 4035 326 4131 medendis
342 4035 507 4137 partibus
532 4038 787 4113 secretioribus
809 4038 945 4138 puellae
968 4041 1097 4138 utique
1120 4054 1214 4119 esset

126 4140 167 4210 in
187 4138 381 4212 occasione
406 4138 568 4235 proximo
585 4138 769 4239 ‘peccandi
783 4138 873 4227 ,sed
899 4141 1039 4213 ratione
1059 4143 1215 4217 uecessi-

113 4248 196 4315 ·’.
282 4235 621 4315 Tom.V‚··²-,
887 4240 1137 4337 24·
