2884 4684
201 180 265 259 546
298 184 381 251 1Lib1
397 178 461 253 Vl,
473 186 582 269 Traet.
599 185 664 271 IV.
676 187 732 252 De·
747 186 951 261 Sacramenta
965 184 1179 255 Poeaitcatiaee

165 304 169 314 '
201 301 407 394 numquam
442 296 721 393 rarificarctur,
747 293 1281 388 Sacramentumpoeniteutiae

202 411 283 467 actu
301 395 440 468 efficere
455 395 557 495 quod
565 397 756 495 significat,
766 395 1185 473 seilicetabsolutionem
1199 420 1285 494 pec-

203 508 379 569 catorum.
399 494 576 568 Praeterea
595 521 649 567 res
678 494 837 579 audetur
850 520 892 567 ex
910 521 942 568 c.
957 491 989 568 si
1004 491 1208 607 Presbyter,
1223 517 1280 565 ra.

202 605 239 664 tc
257 617 289 662 c.
305 594 544 689 Agnovimus.
571 593 627 665 13.
700 620 754 666 us.
772 592 916 692 ²9‘q·.6¹
933 592 1036 693 quod
1049 591 1230 678 Julianus,
1246 604 1288 663 et
1399 655 1405 667 .

167 692 171 703 '
204 689 414 771 Coelestinus
441 694 550 790 Papae
571 690 724 782 dicant,
754 690 990 770 Sacerdotem
1008 704 1203 790 negantem
1219 686 1283 763 ab·

203 790 429 869 solutionem
455 790 627 879 morienti
647 815 727 862 eam
749 786 952 889 postulanti
969 814 1117 861 causam
1143 814 1220 861 esse
1237 786 1283 860 il·
1302 848 1305 855 .

204 885 277 959 lius
303 887 545 960 damnationis
562 912 571 978 ;
590 887 674 986 ergit
689 903 907 989 supponunt
923 887 1145 977 Pontifices,
1164 883 1285 985 quod,

205 1001 282 1056 esto
296 985 456 1059 moriens
471 985 624 1060 haberet
638 1002 762 1060 votum
778 986 1002 1073 Sacramenti
1015 999 1076 1076 ,et
1088 982 1291 1085 dispositus

207 1100 301 1156 esset
323 1083 370 1155 ad
397 1083 696 1168 absolutionem,
725 1100 848 1158 tamen
876 1083 924 1157 ob
951 1088 1030 1184 eius
1054 1085 1285 1180 negationem

208 1183 444 1255 damnaretur
459 1211 468 1268 ;
488 1182 573 1277 ergo
590 1181 771 1257 absolutio
786 1197 875 1263 ,actu
898 1196 1047 1281 peccata
1064 1170 1239 1267 remittit.¹

151 1302 201 1371 tta
256 1282 336 1354 Hoc
368 1308 443 1353 non
468 1281 616 1381 quidem
641 1297 776 1378 negant
801 1282 950 1379 ipsimet
975 1280 1205 1368 adversarii,
1220 1277 1286 1351 sed

208 1379 337 1452 dicunt
352 1382 367 1463 t
374 1394 411 1451 et
428 1381 611 1478 signanter
624 1381 717 1482 Sylr.
736 1381 774 1453 in
791 1381 907 1485 Supp.
923 1381 970 1463 D,
983 1376 1110 1479 Tinq.
1126 1380 1226 1452 Sart.
1248 1366 1287 1472 r)

208 1475 308 1579 quod
321 1492 513 1577 peccatum
529 1483 625 1552 extra
636 1484 912 1568 Sacramentum
926 1481 1130 1567 remittatur
1144 1474 1290 1548 tantuna

206 1578 539 1677 per'contritionem
551 1576 767 1675 perfectam,
778 1576 912 1674 nempe
926 1577 1135 1675 quaeoritur
1145 1600 1187 1669 ex
1199 1573 1287 1645 cha·

208 1677 313 1748 ritate
326 1677 480 1764 iutensa‚
496 1690 704 1755 nonautem
719 1677 1063 1772 percontritionem,
1079 1699 1159 1773 quae
1172 1675 1295 1745 oritur

208 1800 252 1846 ex
279 1774 454 1846 charitate
478 1775 650 1863 remissa,
675 1773 749 1847 aire
774 1799 840 1873 per
863 1771 1085 1857 attritionem
1109 1787 1224 1843 ortam
1245 1795 1290 1843 ex

210 1898 333 1945 amore
348 1873 539 1967 inchoato,
554 1874 636 1971 qui,
649 1872 734 1944 licet
745 1868 1077 1970 -sitpraedominans
1088 1925 1097 1957 ,
1109 1871 1155 1942 sit
1168 1884 1291 1942 tamen

209 1974 394 2052 remissus.
416 1971 487 2051 sad
507 1969 772 2068 respondetur,
792 1969 895 2069 quod
916 1971 1036 2049 omnis
1063 1967 1169 2041 dolor
1189 2024 1198 2053 ,
1224 1969 1306 2066 qui⁶

211 2070 329 2140 oritur
345 2095 386 2140 ex
405 2070 579 2140 charitate
594 2068 908 2168 praedominante,
927 2067 974 2140 sit
990 2068 1160 2141 contritio
1182 2066 1291 2165 iusti·

212 2168 326 2239 ficana
347 2166 534 2239 hominem
554 2172 651 2240 extra
669 2169 968 2255 Sacramentum,
989 2182 1029 2237 ut
1045 2167 1291 2251 communiter
1379 2206 1382 2217 ·

212 2258 346 2338 docent
365 2266 441 2338 DD.
460 2269 578 2348 citati,
597 2290 641 2337 ex
658 2268 702 2338 D.
723 2265 796 2338 Th.
820 2263 1070 2364 qui-pluribus
1088 2266 1125 2335 in
1146 2263 1236 2335 locis
1252 2258 1293 2333 id

211 2389 289 2436 non
305 2363 459 2437 obscure
473 2362 600 2451 docet,
617 2364 751 2436 etenim
767 2367 806 2434 in
818 2365 933 2461 Supp.
950 2389 987 2461 q.
1003 2361 1023 2437 5
1039 2377 1104 2435 art.
1119 2363 1140 2435 3
1154 2364 1206 2435 sic
1218 2362 1295 2432 ait:

215 2462 382 2533 Contritr'o
397 2478 435 2547 ut
453 2467 545 2560 stupe
558 2463 683 2534 dictum
701 2480 755 2533 est
769 2468 829 2560 (q.
849 2489 860 2533 1
882 2476 989 2541 arta
1005 2461 1052 2533 ad
1076 2488 1086 2533 r
1110 2477 1147 2532 et
1163 2487 1198 2573 q.
1210 2456 1292 2542 ‘3get

212 2561 237 2652 4
257 2574 322 2634 art.
348 2562 403 2653 r),
419 2558 527 2632 habet
543 2556 711 2657 daphnem
728 2560 905 2640 dolorem
925 2558 1039 2629 Unum
1053 2558 1218 2659 rationu,
1233 2554 1297 2654 qui

214 2672 269 2729 est
279 2658 494 2754 dr'splr'rentia
499 2658 639 2758 percuti
648 2657 830 2733 commissi
838 2713 846 2739 ,
861 2673 897 2728 et
909 2655 968 2728 hic
977 2672 1189 2754 potestesse
1205 2656 1296 2727 adro

210 2781 359 2850 parvus,
386 2759 482 2854 quod
505 2782 576 2827 non
597 2757 742 2849 sufficia
764 2756 816 2827 ad
824 2754 996 2835 rationem
1010 2753 1243 2845 contritionis,
1257 2767 1296 2825 ut

214 2854 249 2923 si
262 2855 375 2926 mr'nris
391 2854 588 2949 duplicaret
601 2856 635 2923 ei
639 2869 843 2952 peccatum,
859 2854 962 2950 qudrn
979 2851 1103 2949 debent
1113 2850 1297 2948 duplicare

190 2960 192 2967 ’
214 2952 390 3044 separatio
406 2953 535 3045 dfine:
551 2952 641 3023 sicut
652 2952 756 3023 etirim
769 2978 872 3022 amor
879 2966 998 3047 potest
1011 2974 1088 3022 esse
1107 2950 1156 3022 iot
1172 2947 1295 3023 remis·

214 3073 295 3132 sus,
322 3048 417 3146 quod
442 3076 514 3120 non
534 3048 665 3142 'srffcit
682 3051 732 3122 ad
757 3048 927 3121 rationem
950 3045 1130 3120 charitatis
1141 3073 1155 3130 ,¹
1174 3042 1256 3119 Aitu

215 3146 368 3219 dolorem
388 3147 547 3219 haletin
571 3174 698 3234 sensu,
714 3163 749 3219 et
759 3144 957 3241 parvitatis
992 3143 1038 3217 'us
1059 3172 1131 3218 non
1154 3134 1295 3245 impedit

215 3242 385 3317 rationem
414 3244 630 3320 contritionis
652 3270 680 3327 ,··
696 3246 776 3344 quta
801 3270 873 3315 non
903 3269 943 3316 se
960 3174 1076 3316 udubet
1094 3270 1164 3341 per
1187 3269 1228 3315 se
1247 3244 1300 3314 od

214 3343 472 3436 contritionem,
491 3342 559 3416 sed
575 3342 679 3440 quasi
692 3370 741 3416 ex
766 3343 943 3416 accidente
960 3342 996 3412 ei
1012 3341 1210 3441 adiungitur
1226 3367 1239 3425 ,·
1261 3356 1299 3412 et

215 3440 338 3514 aterum
350 3468 420 3516 non
435 3460 490 3515 est
502 3443 538 3514 in
548 3443 704 3539 potentio
719 3456 848 3540 nostro.
862 3438 1002 3513 Deinde
1015 3444 1068 3514 sic
1084 3436 1294 3516 concludit:

216 3537 274 3613 Sic
289 3544 367 3638 ergo
384 3541 586 3630 dtiendurn,
600 3542 696 3642 quod
708 3556 1017 3640 quantumcumque
1032 3566 1163 3636 paraus
1173 3537 1222 3610 sit
1234 3538 1312 3637 dQ‘,

218 3638 291 3729 lor,
305 3639 493 3711 dummodo
507 3641 559 3710 od
566 3639 782 3712 contritionis
793 3639 962 3710 rotronem
976 3636 1143 3728 srtffict'as,
1158 3660 1297 3709 omnem

218 3737 354 3828 rubram
369 3736 470 3811 delet.
494 3736 591 3836 Ergo
607 3761 650 3809 ex
664 3740 708 3810 D.
726 3736 795 3810 Th.
817 3735 881 3814 ille
894 3792 902 3822 υ
915 3736 981 3808 'cui
1000 3734 1055 3808 dis
1085 3735 1171 3809 licet
1188 3759 1297 3843 sepas

220 3836 311 3907 ratio
337 3839 357 3907 a
379 3835 466 3926 fine,
492 3841 560 3907 ‘arn
581 3834 691 3908 habet
711 3836 969 3908 contritionem
991 3763 1230 3915 sulicieutem
1248 3831 1298 3905 ad

220 3949 412 4029 peccatum
429 3933 484 4021 ⁴de
502 3933 662 4022 endnm3
678 3931 733 4004 illi
752 3947 893 4025 autem,
910 3936 971 4032 qui
987 3932 1098 4006 habet
1109 3923 1299 4023 contritioe

220 4053 308 4104 nem
328 4047 449 4108 ortam
475 4058 518 4109 ex
543 4031 719 4109 charitate
745 4031 1053 4132 praedominante,
1082 4037 1163 4134 jam
1184 4030 1304 4131 magis
