2884 4684
214 184 300 277 cap.
316 187 343 253 Ι.
368 187 456 278 Dnb.
473 188 516 255 n.
536 188 591 283 De
603 188 736 258 essentia
759 186 853 279 liujus
868 186 1078 284 Saoparpenti.
1108 183 1192 264 ,3451

109 315 170 366 na
196 297 242 368 ad
267 289 434 371 Gratiam
455 298 494 371 in
517 298 750 372 sacramanto
774 289 1031 395 recipiendam.
1049 293 1097 371 Et
1117 283 1195 370 ho'c
1213 275 1235 298 ὴ

108 399 231 562 patet,
255 410 296 467 ut
315 396 415 469 rect&
439 396 590 469 advertit
607 401 746 469 Auctor
763 394 895 468 Theol.
921 393 987 508 pro
1003 421 1072 469 usu
1091 396 1189 471 sem.

140 493 296 564 etro'cor.
312 493 356 566 de
370 489 496 593 pneriit
507 515 545 568 c.
563 494 585 569 5
600 511 636 595 q,
655 495 676 568 3
694 519 736 566 er
750 492 824 567 illis
837 492 982 584 verbis,
1000 510 1041 567 ut
1052 495 1194 593 suprius:

110 589 161 659 Et
179 593 336 690 qudruvis
357 595 435 664 stite
451 593 680 665 Sacramenta
698 617 767 686 per
787 618 826 676 sc
847 591 1191 689 adlitstfficatlonem

107 689 309 786 perducere
325 703 496 789 nequeat,
515 705 581 763 etc.
608 689 707 787 Ergd
738 716 822 762 curn
840 691 1075 776 Sacramento
1096 687 1194 774 ben&

112 785 284 881 perducit
297 813 307 874 ;
322 787 410 860 alins
423 805 434 873 ,’
449 789 478 861 si
492 789 702 862 Concilium
718 788 956 861 intellexisset
971 784 1017 860 de
1029 787 1106 860 sola
1122 785 1194 864 dis*-

112 881 294 982 positione
309 883 459 971 remota,
476 888 765 984 incongruenter·
776 901 814 958 ct
829 887 952 987 ineptia
971 877 1192 986 protulisset,

114 982 215 1077 qnod
230 985 397 1074 Attritis,
417 987 580 1084 quamvis
594 987 672 1058 siue
689 979 923 1058 Sacramenta
943 999 1101 1084 nequeat
1113 987 1195 1084 jus-

112 1081 253 1153 tificare
268 1137 277 1170 ,
291 1096 416 1154 tamen
429 1103 514 1156 cum
527 1082 825 1157 Sacramentoad
837 1081 1108 1180 justificandum
1124 1081 1196 1190 dpa-
1219 1085 1222 1090 ⁴

115 1193 230 1346 ponat
251 1204 261 1270 3
281 1179 347 1252 sed
373 1179 494 1278 potiits
524 1180 644 1256 dicere
669 1180 874 1267 debuisset,
923 1175 996 1255 uod
1020 1169 1194 1267 Attritio‘,

132 1279 204 1350 icet
219 1277 296 1350 sine
310 1280 542 1353 Sacramento
558 1304 633 1353 non
649 1280 824 1377 disponat
837 1277 881 1352 a'd
936 1265 1064 1353 ratitim
1081 1279 1198 1378 inipe-

114 1375 296 1460 trandam,
307 1376 478 1476 disponat
488 1392 609 1452 tamen
624 1405 709 1452 cum
718 1378 965 1451 Sacramenta.
979 1376 1122 1452 Verium
1136 1403 1199 1475 pa·

116 1486 179 1557 tet,
201 1473 462 1550 Tridentiunm
484 1476 545 1547 hic
563 1476 666 1578 loqui
682 1476 728 1549 de
743 1476 982 1577 'dispositione
1026 1474 1165 1549 roxima
1187 1530 1197 1561 ‚

117 1567 209 1643 duni
231 1572 423 1671 distinguit
445 1574 635 1675 duplicem
662 1574 947 1675 dispositionem.
966 1503 1024 1648 ad
1035 1574 1204 1646 Gratiam-

116 1670 511 1768 recipieudam„nnam
525 1675 1022 1772 extraSacramentnm,qnae
1039 1674 1200 1745 ‘estCon-

46 1801 49 1810 ¹
119 1767 218 1841 tritio
246 1770 431 1870 perfecta,
460 1775 568 1871 cujus
596 1769 700 1872 priiis
734 1772 902 1862 meminit
919 1771 947 1860 ,ζ
962 1786 1003 1843 et
1031 1769 1140 1846 aliani
1159 1769 1215 1842 in?

119 1869 365 1954 sacramento,
380 1893 459 1969 qnae
474 1886 528 1943 est
547 1871 715 1954 Attritio,
732 1882 768 1940 et
785 1867 831 1942 de
850 1895 923 1970 qua
941 1868 1120 1967 posterius
1140 1868 1200 1939 lo-

150 1969 249 2041 nitur
264 1997 273 2038 ε
292 1968 327 2040 Si
344 1966 429 2066 ergo
443 1969 653 2042 Concilium
668 1968 828 2066 assignat
840 1953 1203 2065 Contritionemper·

122 1994 256 2157 iactam
276 2079 317 2138 ut
340 2067 546 2166 proximam
560 2064 841 2166 dispositionem
855 2065 902 2137 ad
920 2065 1056 2139 Gratiae
1069 2090 1203 2140 conse·

122 2167 308 2239 cntionem
319 2170 418 2238 extra
432 2166 728 2252 Sacramentum,
744 2167 878 2263 pariter
893 2164 1049 2262 assignat
1061 2162 1123 2236 hta
1141 2163 1204 2238 At·

124 2264 308 2364 tritionem
327 2289 393 2361 pro
411 2261 828 2362 dispositioueproaima
846 2260 1206 2336 ad'Gratiam-inssa—

126 2365 312 2435 cramento
338 2360 587 2434 obtinendam.
603 2359 804 2432 'Praeterea
828 2358 1044 2432 Concilium
1069 2355 1206 2433 dlstiir-

127 2463 206 2559 gnit
231 2462 327 2532 inter
349 2460 580 2534 Attritiouem
607 2460 704 2529 extra
728 2457 1027 2544 Sacramentum,
1052 2472 1091 2530 at
1110 2457 1215 2530 tanc

127 2583 204 2631 csse
225 2552 316 2631 dicit
334 2557 475 2631 donum
490 2554 647 2660 Spiritirs
664 2555 814 2640 Sancti,
829 2557 1000 2654 viamque
1016 2581 1146 2655 parare,
1159 2555 1211 2628 ad·

128 2656 326 2756 justitiam,
346 2683 387 2729 ac
406 2653 673 2754 consequenter
691 2678 774 2726 esse>
789 2653 1070 2752 dispositionem
1084 2651 1210 2726 rumo-

129 2771 205 2829 tam
222 2752 268 2826 ad
292 2754 486 2842 Gratiam(
513 2752 608 2825 sicirt
625 2767 680 2824 est
697 2752 814 2851 quiris
835 2768 937 2824 actns
955 2752 1105 2840 bonus)
1126 2751 1213 2825 licet

129 2880 207 2928 non
225 2851 381 2926 sulliciat
400 2851 449 2925 ad
467 2852 763 2950 justificationem
779 2874 795 2940 ς,
810 2868 846 2923 ct
862 2851 958 2923 inter
979 2847 1213 2924 Attritionem

130 2953 226 3026 intra
235 2948 664 3040 Sacramentum,etlranc
678 2964 780 3024 vocat
789 2939 1063 3047 dispositionem
1075 2947 1121 3020 ad
1133 2975 1213 3047 gra·

132 3053 220 3125 tiam
237 3053 274 3122 in
287 3050 525 3124 sacramento
541 3046 787 3147 recipiendam
801 3075 816 3116 .-
829 3045 914 3145 ergd
928 3045 1024 3120 hanc
1037 3049 1215 3152 supponit

135 3147 410 3247 dispositionem
428 3149 656 3246 proximam,
676 3145 765 3217 alias
781 3145 961 3219 inutiliter
977 3139 1214 3234 distinxisset.

132 3250 309 3322 Praeterea
330 3247 622 3336 Contritionem,
642 3270 722 3342 quae
744 3259 798 3315 est
821 3243 934 3316 animi
954 3241 1061 3315 dolor
1082 3269 1122 3315 ac
1150 3243 1216 3334 de·

132 3347 275 3422 testatio
293 3345 339 3416 de
355 3361 504 3446 peccato
525 3343 741 3436 commisso,
756 3341 1015 3415 Tridentinum
1029 3341 1119 3413 dicit
1138 3365 1217 3414 esse

135 3442 402 3527 materiam‚vel
414 3443 515 3544 quasi
528 3446 717 3515 materiam
731 3439 1100 3540 hujusSacramenti3
1115 3435 1216 3512 deiri·

136 3543 204 3626 dt.
220 3543 306 3618 tacet
321 3542 415 3615 hanc
430 3541 696 3617 contritionem
712 3539 751 3612 in
765 3533 966 3639 perlectam
980 3554 1016 3611 et
1027 3539 1079 3610 im
1107 3537 1219 3609 erfec.

136 3658 212 3714 tam
231 3639 389 3731 dividat,
409 3637 568 3734 attamen
584 3696 593 3723 ,
608 3664 693 3713 cum
710 3635 858 3738 utrique
874 3650 1061 3738 competat
1074 3565 1226 3736 gondri«¹

136 3742 246 3815 tionis
272 3738 436 3812 delinitio
468 3753 505 3812 ct
529 3735 722 3837 utramque
751 3751 803 3822 ut¹
820 3738 1008 3812 materiam
1035 3734 1217 3836 assigpet,

137 3840 306 3937 sequitur
321 3845 341 3925 ,'
358 3837 461 3937 quod
475 3836 599 3934 ,etism
613 3835 794 3910 Contritio
821 3829 1034 3933 impellecta
1053 3831 1220 3933 proximi

139 3937 310 4036 disponat
328 3937 375 4008 ad
391 3936 554 4011 Gratiam
569 3930 877 4027 consequendam.
1032 3929 1036 3938 '
1124 3929 1192 4030 ss,

168 4043 174 4052 '
188 4035 232 4111 Id
240 4035 477 4116 confirmatur
493 4035 661 4139 patenter
671 4032 716 4111 ab
729 4027 821 4126 eotej
876 4021 1044 4138 Concilio
1060 4086 1071 4133 ,
1090 4024 1222 4105 eodem
