2884 4684
243 276 304 342 ist
367 301 369 310 ’
456 275 529 343 Lib.
545 275 605 344 Vl.
621 275 730 343 Tract.
746 273 804 343 Ill.
819 276 870 344 De
885 257 1098 345 trutannia.

238 415 257 450 n
287 385 393 459 finito
408 385 548 461 honore
566 385 764 478 afficiatur,
783 387 928 462 ridetur
948 402 1071 462 temen
1084 386 1219 464 Christi
1239 412 1320 461 esse

240 514 259 551 n
286 483 473 573 volontas,
493 501 534 558 ut
548 485 744 574 offeratur,
762 501 798 559 et
837 488 925 560 rosit
936 486 1077 561 tantum
1091 485 1138 559 ad
1152 497 1317 574 certum,

237 612 257 646 ο
287 595 324 656 et
343 584 488 656 finitum
507 582 692 656 effectum.
719 514 833 675 Quod
855 584 965 658 etiim
989 599 1091 687 patet
1109 609 1152 657 ex
1174 610 1266 673 usn,
1282 598 1322 656 et
1435 578 1436 665 ᾗ

238 709 259 746 s
291 705 401 754 sensu
417 680 613 767 Ecclesiae.
635 681 725 756 dum
736 682 855 755 Missas
871 709 938 781 pro
949 683 1078 756 eadem
1092 708 1131 756 re
1146 696 1321 778 repeton·
1434 725 1435 728 =

231 807 260 852 u
290 793 372 850 turs
412 778 485 852 uod
500 783 646 877 signum
663 795 743 871 est,
768 805 844 854 uon
856 779 992 855 habere
1004 783 1192 856 infinitum
1206 778 1320 853 effec-
1440 782 1441 793 ’

235 903 257 939 a
287 889 378 950 tum.
432 880 587 954 ,Bonae
604 875 733 980 d.4q.
752 876 819 952 uit
838 904 876 979 p.
891 881 927 973 4.
953 912 969 945 ι

287 973 497 1048 Notandum
528 1003 559 1048 ι.
580 975 695 1051 aliurn
719 1002 797 1051 esse
819 978 1000 1065 satorem.
1020 974 1135 1050 alium
1153 976 1319 1051 fructum
1434 1015 1439 1024 ·

238 1070 367 1145 idissae.
380 1159 384 1168 ¹
399 1074 509 1145 Valor
528 1088 583 1148 est
606 1073 765 1149 efficacis
789 1071 874 1165 itta,
891 1101 1004 1175 quam
1022 1074 1135 1149 habet
1148 1075 1254 1147 Missa
1274 1097 1320 1147 ex
1434 1127 1441 1142 .

239 1168 416 1267 dignitate
428 1170 631 1259 offerentis,
643 1187 679 1247 et
692 1174 745 1247 rei
757 1171 890 1248 oblatis
901 1230 911 1263 ,
924 1174 971 1246 ad
985 1172 1207 1249 conferenda
1219 1171 1317 1246 bons

228 1268 408 1344 offerenti
423 1327 432 1356 ,
447 1287 484 1344 et
508 1269 576 1360 iis,
600 1297 667 1371 pro
687 1269 824 1371 quibus
842 1271 1009 1368 offertur.
1026 1272 1178 1345 Fructus
1196 1286 1320 1345 autern

238 1382 327 1440 sunt
345 1367 442 1442 bona
462 1364 475 1440 i
502 1396 539 1441 sa
553 1409 564 1458 t
579 1394 664 1470 quae
683 1371 820 1444 intuitu
836 1370 1011 1446 sacrificii
1036 1370 1136 1444 Deus
1164 1368 1320 1443 confert.

236 1464 348 1539 Undt
366 1396 501 1540 vaiord
518 1468 636 1542 fructu
654 1465 798 1552 differt,
814 1467 916 1541 velint
932 1494 1040 1542 causa
1052 1465 1104 1540 ab
1118 1465 1260 1540 effectu.

285 1562 501 1638 Notandum
527 1591 561 1639 a.
586 1566 746 1640 Fructus
776 1568 893 1642 ttnsae
915 1566 1089 1663 distingui
1119 1590 1162 1640 ex
1184 1563 1322 1664 tripiici

231 1663 383 1760 .eapite;
402 1662 639 1761 distinguitur
653 1669 753 1738 enim
775 1692 803 1738 ι.
820 1689 864 1738 ex
886 1681 986 1763 parte
1005 1689 1145 1751 causae,
1164 1661 1257 1736 idest
1275 1682 1321 1735 ex

239 1783 351 1858 opere
369 1778 543 1861 operato,
567 1777 603 1834 et
622 1786 733 1863 opere
748 1763 945 1859 operantis.
962 1764 1120 1836 Fructus
1147 1786 1196 1833 ex
1217 1784 1321 1859 opere

239 1875 382 1951 operato
394 1858 603 1958 estilte‚qni
615 1859 945 1935 conserturintuitu
960 1861 1175 1934 meriturum
1182 1857 1320 1932 Christi

134 1983 137 1989 ·
227 1969 276 2028 -et
293 1961 373 2057 ejus
391 1958 642 2059 promissionis
659 1987 668 2027 :
685 1958 827 2033 fructus
848 1956 932 2032 veri>
953 1985 1001 2033 esc
1018 1983 1120 2054 opere
1144 1956 1321 2056 operantu

226 2071 295 2127 ¹est
313 2055 400 2147 itte,
426 2059 491 2157 qui
523 2056 711 2129 confertur
731 2058 866 2131 intuitu
892 2058 1033 2139 meriti,
1058 2071 1096 2128 et
1118 2053 1322 2127 devotionis

230 2147 471 2227 celebrantis.
486 2154 732 2253 Distinguitur
743 2180 775 2227 a.
792 2169 946 2256 exparte
957 2155 1018 2235 rei,
1029 2154 1069 2227 in
1080 2154 1320 2239 meritorium,

240 2248 538 2335 satisfactorium.
553 2267 588 2325 et
607 2257 1029 2353 impetratorium‚justi
1048 2248 1146 2325 dicta
1172 2277 1209 2323 n.
1258 2276 1322 2325 roe-

225 2389 227 2395 ·
241 2347 386 2422 cedenti
403 2352 486 2424 311.
501 2350 795 2447 Distinguitur&
812 2355 849 2423 in
868 2350 1093 2449 generalem,
1107 2276 1321 2446 specuium,

227 2462 277 2518 ⁸et
291 2446 603 2543 specialissimum.
620 2449 777 2523 Fructus
787 2451 962 2548 generalis
976 2448 1132 2545 obtingit
1148 2447 1322 2520 omnibus

223 2543 414 2620 fidelibus
430 2547 537 2635 vivis,
556 2561 593 2620 et
609 2545 806 2622 defunctis.
825 2546 992 2637 Spectalis
1008 2545 1078 2645 (ab
1099 2544 1178 2618 aliis
1199 2544 1322 2619 dictus

228 2642 390 2718 medrus
408 2643 469 2718 vei
486 2645 743 2741 muruten'alis)
762 2644 921 2743 obtingit
934 2650 1009 2719 tim
1025 2647 1077 2720 eis
1093 2659 1160 2743 pro
1183 2643 1320 2741 quibus

223 2741 470 2841 applicatur,
504 2746 615 2843 quim
646 2744 917 2830 assistentibus,
950 2758 988 2817 et
1014 2740 1321 2817 concurrentibus

226 2842 481 2915 ministrando
494 2858 725 2943 paramenta,
745 2841 940 2916 luminaria
955 2899 965 2928 ,
983 2842 1120 2916 hostias
1132 2899 1143 2931 ‚
1155 2855 1225 2914 etc.
1239 2849 1323 2938 dpe-

239 2937 449 3011 ciolisszinus
468 2938 618 3012 demirm
637 2939 796 3038 obtingit
807 2940 877 3013 soli
891 2937 1091 3038 Sacerdoti.

288 3036 359 3108 Hic
376 3052 498 3109 autem
519 3062 650 3134 magna
666 3039 808 3112 occurit
830 3040 981 3139 quoestio
1002 3034 1107 3110 rsidd
1132 3034 1318 3112 interDD.

240 3148 530 3224 controversam
544 3134 771 3218 Sacrificium
785 3136 904 3210 Missos
919 3137 1105 3222 infinitum
1124 3134 1321 3210 habeatis·

225 3226 355 3303 ‚iorem
370 3232 385 3303 i
400 3232 545 3331 Dupiex
565 3231 666 3304 adest
682 3238 872 3308 sententia.
888 3235 1014 3307 Prima
1029 3234 1130 3308 dicit.
1139 3233 1176 3305 id
1188 3229 1322 3306 habere

223 3328 403 3403 saionem
422 3346 506 3404 actu
524 3330 811 3420 tim'intensivd.
826 3347 939 3433 quam
954 3330 1136 3408 extensivi
1156 3334 1321 3424 finitum,

241 3428 287 3499 itt
300 3444 340 3499 ut
355 3428 523 3527 pluribus
534 3429 759 3530 applicatum
774 3428 896 3510 minias
908 3430 1023 3530 prosit
1031 3429 1197 3531 singulis,
1211 3434 1323 3530 quim

166 3605 170 3614 ¹
239 3528 270 3599 si
282 3529 345 3599 uni
363 3526 506 3601 tantiam
518 3528 736 3628 applicetur.
753 3527 806 3601 Iti
819 3554 908 3603 cum
919 3527 1189 3625 Busmtsrpnrd,
1202 3542 1325 3599 tenant

238 3621 362 3718 Scottus
379 3624 538 3796 imm
554 3653 599 3700 ao
617 3651 655 3702 n.
670 3653 731 3701 ao.
744 3626 781 3700 S.
794 3625 931 3701 Bonas.
942 3628 979 3697 in
993 3627 1029 3721 4.
1042 3627 1122 3700 dist.
1141 3625 1188 3721 45
1203 3642 1268 3697 ort.
1285 3624 1321 3699 3.

238 3723 362 3810 adult.
416 3751 493 3798 ooc.
513 3751 545 3798 c.
561 3750 634 3893 714.
654 3750 675 3822 7
695 3727 743 3800 tt.
764 3751 798 3797 a.
815 3726 904 3798 item
919 3723 1048 3799 Paos.
1065 3723 1170 3799 Rich.
1188 3720 1322 3817 Major,

239 3820 351 3897 Borb.
374 3825 515 3896 Covarr.
533 3838 569 3894 et
619 3850 675 3920 og.
694 3848 753 3918 ap.
774 3821 884 3898 Salsu.
905 3847 938 3897 c.
959 3821 1034 3898 312.
1058 3824 1118 3900 38.
1143 3822 1323 3921 Idemque

240 3921 409 4019 expressi
432 3920 540 3994 docet
559 3920 661 3994 Solus
676 3919 712 3991 in
724 3923 762 4014 '4
779 3921 859 3994 dist.
884 3921 924 3995 13
940 3948 976 4019 q.
999 3947 1091 3995 aar.
1116 3946 1148 3993 r.
1165 3920 1228 3994 ubi
1248 3928 1322 3992 ait:

162 4086 167 4097 ,
239 4017 440 4092 intentioni
452 4017 704 4116 (Sacerdotis)
721 4015 802 4117 puris
826 4034 882 4091 est
902 4019 947 4093 de
964 4019 1118 4094 essentiis
1133 4015 1322 4114 Sacn'ficii,
1372 4045 1382 4088 t

229 4114 347 4190 nium
366 4142 414 4187 ex
428 4141 531 4215 opere
543 4133 685 4215 operato
698 4117 887 4225 respondet
895 4131 1027 4208 certus,
1040 4133 1079 4198 st
1084 4132 1231 4222 matus
1241 4141 1325 4220 gns·
