2884 4684
265 124 350 270 Cap.
371 179 400 246 1.
425 177 514 271 pr.
530 178 573 246 Il.
598 178 649 246 De
665 179 798 247 essentia
812 174 908 269 hujus
922 175 1131 246 sacramenti.
1173 156 1242 243 4'42'

160 286 268 377 mimi
286 289 479 363 Affirmant
495 290 599 386 Cajet
611 289 651 369 in
670 315 703 359 a.
721 313 754 360 2.
773 288 820 361 D.
837 286 990 362 Thomae
1006 314 1040 386 q.
1056 288 1184 384 69art.
1208 312 1238 359 ι.

160 386 316 459 Armilla
330 386 430 488 apud
445 389 552 462 Remi
567 414 599 461 c.
618 412 639 459 2
658 401 745 460 tect.
763 413 784 458 2
797 412 833 485 q.
850 388 886 459 3.
899 388 1018 480 Quia(
1035 385 1241 475 utdicunt)

160 480 221 556 hic
233 484 377 561 videtur
385 511 527 585 gravem
536 486 805 559 irreverentiam
819 486 1049 569 Sacramenta
1063 487 1239 579 irrogare:

163 595 201 655 et
217 580 264 657 <lc
281 582 354 661 hoc
368 582 473 659 valde
489 582 634 657 dubitat
647 585 688 656 P.
707 585 799 657 Coo.
814 609 851 682 p.
872 588 936 657 281
956 609 991 655 n.
1010 583 1035 656 6
1051 608 1093 655 et
1106 582 1149 654 Ι).
1165 580 1240 654 Th.

161 677 189 757 l.
205 704 237 753 o.
250 683 319 781 qui
334 686 383 756 ait
399 712 409 753 r
423 682 467 755 Si
476 682 634 761 confiteri
641 681 791 755 noluerit
805 681 994 770 venialem,
1008 706 1113 779 quam
1128 680 1242 752 dr‘cera

161 790 312 869 terretur,
328 782 384 853 rel
392 780 511 854 sr'eam
525 778 742 855 mendaciter
754 777 949 879 negaverit.
963 777 1152 851 mortaliter
1155 803 1242 875 pec·

162 892 231 948 cat.
250 876 360 951 Unde
380 881 420 952 Ρ.
438 877 600 952 Concina
622 904 696 951 ιιοιι
717 891 868 950 excusat
884 880 904 949 l
921 874 1067 949 mortali
1086 880 1149 973 qoi
1168 875 1240 950 hoc

161 972 391 1050 advertentcr
408 976 570 1063 faceret,
592 1002 638 1050 eo
654 975 757 1074 quod
774 1002 812 1049 se
830 988 1054 1074 caponem,
1078 973 1241 1070 periculo

163 1075 282 1169 gravia
301 1074 430 1175 culpae.
451 1074 523 1149 sed
537 1072 695 1149 omnino
705 1073 908 1150 tenendum
926 1073 1138 1170 oppositum
1156 1097 1243 1146 cum

162 1173 341 1244 sententia
358 1174 563 1267 communi,
579 1186 835 1275 quamtenent
853 1171 1025 1247 Busemb.
1048 1187 1087 1241 ot
1107 1175 1241 1267 sopri,

163 1282 201 1339 et
217 1270 321 1368 Lugo
339 1270 376 1343 d.
399 1273 453 1347 16.
473 1299 509 1345 ιι.
527 1274 589 1370 98.
605 1275 730 1372 Loym.
749 1288 781 1346 c'.
798 1275 822 1345 8
839 1296 876 1344 ιι.
892 1272 927 1345 5.
941 1272 1100 1358 Antoine
1117 1296 1154 1369 p.
1170 1270 1211 1341 5ι
1225 1294 1239 1343 ι

103 1374 105 1377 ’
162 1389 225 1465 qu.
249 1370 302 1443 13.
324 1370 451 1443 Anacl.
472 1397 512 1471 p.
527 1371 599 1445 600
618 1398 657 1444 ιι.
681 1394 738 1468 17.
757 1370 901 1443 Holzm.
920 1396 958 1443 n.
977 1368 1059 1443 556.
1081 1369 1242 1463 Roucag.

162 1486 195 1538 c.
214 1463 236 1538 5
258 1490 321 1636 (po.
341 1469 378 1541 5.
397 1469 438 1542 R.
463 1495 492 1557 ι.
511 1468 619 1543 Renzi
636 1467 662 1541 Ι.
682 1494 714 1542 c.
733 1481 770 1541 et
787 1469 923 1541 Bonae.
945 1495 980 1564 p.
999 1492 1020 1538 2
1034 1466 1066 1562 ἓ
1093 1492 1116 1539 2
1137 1491 1172 1538 n.
1202 1490 1244 1537 ta

164 1587 250 1636 com
295 1591 373 1645 uar,
393 1564 526 1642 sanch.
548 1567 635 1665 Reg.
653 1581 690 1641 et
706 1565 787 1641 aliia
806 1565 939 1665 passim
960 1593 969 1635 ι
992 1565 1081 1637 ratio
1097 1621 1110 1678 ‘.
1128 1564 1244 1663 quia,

165 1685 254 1733 cum
267 1661 333 1736 illa
351 1689 426 1737 non
442 1669 490 1739 sit
504 1666 653 1739 materia
671 1667 874 1738 necessaria
890 1664 1134 1745 sacrementi,
1153 1677 1244 1735 tunc

164 1758 317 1837 minime
337 1761 519 1860 decipitur
534 1763 786 1837 confessarius
799 1765 839 1836 in
855 1788 895 1835 re
908 1762 1016 1862 gravi.
1029 1758 1088 1834 td
1106 1767 1246 1835 textum

164 1870 287 1931 eutem
301 1860 344 1932 D.
361 1860 515 1934 Thomoe
529 1860 626 1935 clara
638 1875 693 1935 eat
703 1861 892 1956 responsio
905 1887 914 1944 ;
928 1859 980 1941 ihi
992 1863 1092 1934 enim
1103 1862 1139 1934 S.
1152 1860 1247 1935 Boc-¹

164 1966 224 2028 tor
240 1957 385 2030 tantiam
402 1958 569 2058 loquitor
583 1957 630 2032 de
648 1961 796 2033 nolente
815 1959 1007 2128 injudicio
1023 1959 1122 2034 cirili
1143 1957 1246 2031 lateri

155 2054 363 2146 veritatem,
379 2082 490 2157 quarn
502 2056 624 2153 dicere
636 2072 781 2133 tenetur
794 2086 802 2129 :
815 2082 855 2130 sc
893 2057 933 2130 in
948 2057 1026 2131 foro
1038 2072 1246 2131 'sacramen-

159 2150 229 2224 tali
239 2168 382 2227 certum
397 2171 502 2229 estex
512 2156 728 2249 Tridentino
741 2156 886 2228 nullam
899 2180 975 2229 esse
987 2154 1248 2252 obligationem

163 2251 369 2325 confitendi
385 2253 539 2327 venialia
555 2279 565 2345 ;
589 2253 688 2328 unde
707 2257 852 2352 negatio
872 2255 1023 2328 venialia
1041 2254 1249 2344 commissi,

155 2348 223 2429 xel
249 2351 412 2424 mortalia
430 2356 504 2449 jam
523 2351 679 2427 confessi
700 2379 777 2426 non
792 2351 935 2426 excedit
953 2352 1136 2427 malitiam
1154 2355 1248 2426 sim·

162 2447 277 2549 plicis
297 2448 491 2523 mendacii.

220 2579 237 2615 ι
262 2546 308 2621 Il.
335 2548 372 2621 Si
399 2546 549 2622 salsole
572 2573 721 2623 accuses
743 2548 791 2622 de
813 2547 973 2633 reniali3
997 2547 1100 2648 quod
1124 2562 1249 2625 tamen
1290 2638 1295 2649 ι

161 2673 184 2715 ιι
216 2645 372 2719 mortale
385 2672 491 2745 grave
503 2649 590 2729 erit,
603 2650 634 2721 si
646 2648 684 2720 id
699 2644 808 2740 facias
822 2672 898 2719 non
913 2646 1036 2720 dando
1050 2647 1160 2720 aliam
1174 2673 1248 2719 ma·

160 2775 180 2810 ιι
218 2750 368 2828 teriam,
387 2770 473 2819 cum
490 2747 542 2818 eic
563 2744 719 2820 formam
738 2742 870 2819 reddas
885 2747 1044 2837 irritam,
1062 2760 1099 2818 et
1117 2747 1248 2819 Sacra-

8 2894 14 2903 ·
150 2873 180 2914 ιι
215 2858 382 2916 mentum
399 2873 409 2914 ε
424 2843 494 2916 oiri
511 2859 632 2918 tamen
648 2844 758 2919 facias
775 2870 817 2919 ex
835 2844 1033 2944 scrupulo,
1052 2843 1247 2944 perturba-

43 2946 46 2957 ‘
158 2972 181 3013 ιι
216 2941 328 3014 tione.
346 2941 401 3014 Ita
417 2943 567 3028 suarez,
586 2942 676 3017 Fill.
694 2956 720 3016 t.
749 2970 761 3016 ι
784 2959 829 3018 tr.
848 2969 868 3041 7
884 2969 918 3019 c.
933 2945 967 3037 4.
987 2945 1112 3043 Laym.
1136 2938 1202 3015 lib.
1224 2943 1248 3037 4

166 3068 188 3108 ιι
219 3040 340 3114 t.6c.
356 3042 391 3113 8.
406 3042 568 3139 Diamp.
590 3043 654 3117 3t.
670 3046 705 3134 4.
721 3042 805 3116 Rea.
822 3043 884 3140 96

214 3170 235 3206 ι
265 3165 299 3212 2.
325 3139 562 3237 sacrilegium
580 3156 646 3227 est,
659 3155 695 3212 et
707 3140 891 3214 absolutio
908 3135 1022 3213 nulle.
1046 3166 1077 3215 ι.
1093 3140 1131 3214 Si
1145 3131 1304 3213 mor-4⁹7

163 3266 186 3308 ιι
215 3235 309 3326 tole¹
332 3237 436 3337 quod
450 3240 614 3327 coplitcri
633 3240 790 3326 teneris,
816 3254 853 3311 et
870 3253 976 3339 putea
994 3263 1091 3329 csse,
1113 3263 1247 3336 neges,

163 3364 184 3403 ιι
215 3349 280 3408 aut
297 3349 392 3434 tegas
408 3395 418 3427 ‚
436 3362 483 3409 ne
499 3335 735 3436 intelligatur.
754 3363 788 3412 a.
806 3338 859 3411 Ut
876 3339 1119 3412 communiter
1139 3336 1248 3410 doce·

162 3463 181 3504 ι
215 3450 276 3507 tor
295 3440 421 3508 contra
439 3433 535 3534 Sylr.
551 3437 583 3508 ai
599 3434 755 3509 mortale
776 3437 842 3509 tibi
857 3433 949 3510 salso
964 3437 1154 3536 imponor,
1177 3435 1248 3508 nisi

161 3562 182 3600 ιι
217 3547 339 3605 tamen
364 3534 428 3607 liat
445 3554 489 3607 ex
504 3533 737 3632 simplicitate
750 3582 763 3626 ,·
785 3550 822 3610 et
842 3535 1037 3632 scrupulo,
1056 3548 1125 3608 etc.
1149 3534 1184 3608 3.
1210 3526 1248 3606 si

146 3659 187 3701 -ιι
216 3631 406 3729 neges,vel
429 3632 615 3707 mentiaris
628 3633 723 3707 circa
734 3649 881 3733 peccata
896 3632 983 3706 aliis
994 3630 1247 3718 ritlabaoluta,

139 3746 184 3813 ,o
215 3728 367 3827 quando
384 3730 632 3805 confessarius
647 3788 657 3821 ‚
678 3745 720 3805 ut
733 3732 853 3806 ludex
867 3788 876 3817 ,
892 3731 950 3805 rel
967 3730 1131 3807 Medicus
1144 3728 1188 3802 de
1202 3729 1244 3801 iia

143 3857 183 3895 ἰι
217 3826 381 3927 aliquid,
399 3842 444 3903 ut
464 3831 713 3904 neceesarium
738 3830 786 3905 ad
807 3844 1023 3930 praeaentem
1037 3828 1236 3902 confessio·

161 3955 186 3998 ιι
216 3951 305 3998 nem
315 3926 523 4026 interrogat.
537 3927 645 4003 Card.
658 3928 705 4002 de
717 3932 819 4028 Lugo
831 3926 870 4001 d.
887 3930 1025 4023 ilaect.
1043 3954 1096 4002 ιο.
1112 3924 1228 4015 Taml

160 4053 184 4098 ιι
214 4022 281 4099 lib.
295 4050 318 4098 a
330 4050 363 4101 o.
378 4025 463 4125 ¹⁰⁷5·
483 4024 676 4108 maechati
688 4027 737 4105 ad
749 4040 967 4135 presentem
976 4026 1228 4104 Confessionet
1363 4118 1364 4123 Ἰ

152 4151 184 4199 ,ιι
212 4146 292 4201 non
309 4123 584 4217 saciet2ibimat
762 4144 765 4149 ’
