2884 4684
88 426 90 435 ’
193 426 272 520 Cap.
289 427 318 494 1.
334 425 422 495 Dub.
439 425 481 493 Ii.
498 418 549 494 De
564 424 696 495 essentia
711 423 808 516 hujus
821 423 1028 495 sacramenti.
1085 388 1150 519 387

70 550 153 613 tatae
179 541 412 633 voluntatis3
446 564 530 612 nam
563 539 758 612 voluntatis
786 539 938 613 mutatio
967 538 1102 638 pendet
1129 547 1150 616 d

76 632 195 711 divina
216 639 347 735 gratia,
365 662 446 737 quae
461 652 625 736 tempore
649 634 904 734 nonjudiget,¹¹
925 639 991 709 sed
1013 642 1050 708 in
1068 640 1150 711 ius·

75 738 162 806 tanti
182 752 353 836 operatur
369 793 378 825 ,
394 753 431 807 et
445 734 529 809 ideis
545 763 621 809 non
637 734 758 807 solitm
779 760 842 829 per
857 741 1150 831 experimentum

74 836 266 931 temporis,
286 834 352 908 sed
371 835 477 907 etiim
509 860 575 932 per
595 834 666 905 alia
690 832 841 932 qrridem
867 838 968 930 signa
988 834 1150 929 patefieri

77 947 205 1026 potest.
225 931 306 1004 Imd
330 932 530 1031 aliquando
555 930 624 1003 alia
650 932 751 1028 signa
783 933 970 1027 praesentis
990 931 1151 1031 disposi-

76 1030 183 1102 tionis
213 1028 330 1111 multi)
354 1028 484 1101 meiiirs
506 1030 739 1102 manifestant
758 1030 999 1103 mutationem
1018 1029 1151 1102 volun·

74 1130 179 1212 tatis,
210 1133 321 1226 quam
347 1131 566 1226 experientia
598 1130 802 1226 temporis3
835 1154 921 1198 nam
949 1132 1051 1224 signa
1081 1127 1152 1203 itta

77 1223 213 1298 directi
227 1228 391 1298 indicant
401 1218 676 1325 dispositionem
689 1226 917 1325 poenitentis,
932 1225 1154 1325 experientia

73 1321 158 1395 verd
172 1322 312 1395 tantiam
330 1323 505 1397 indirecte
520 1349 529 1414 ;
546 1324 638 1397 adeo
654 1341 782 1396 utnon
799 1322 880 1396 rard
895 1325 1037 1396 evenire
1053 1341 1153 1423 pote·

79 1420 145 1509 rit,
160 1422 261 1521 quod
279 1422 411 1520 aliquis
430 1425 537 1521 etiam
556 1422 665 1518 longo
694 1438 856 1520 tempore
872 1448 911 1495 se
931 1427 949 1493 ὲ
970 1424 1063 1495 vitiis
1084 1448 1151 1521 pro

77 1518 207 1590 mundi
229 1518 339 1618 hujus
363 1519 552 1593 honestate
569 1522 773 1609 contineat,
792 1522 832 1591 ui
849 1520 898 1595 ait
916 1519 960 1591 D.
977 1521 1152 1620 Gregor.,

76 1631 111 1687 et
139 1614 377 1697 nihilominus
408 1643 483 1691 non
512 1621 558 1691 sit
591 1619 656 1693 rite
687 1618 898 1716 dispositus.
931 1621 1152 1718 Propterea,

78 1717 216 1810 quoties
233 1718 412 1812 poenitens
424 1716 534 1789 ¹affert
545 1743 626 1788 vera
640 1720 740 1811 signo
754 1716 890 1788 doloris
906 1730 942 1788 et
955 1719 1131 1817 propositi
1141 1756 1156 1808 ,·

77 1812 180 1883 toties
194 1811 287 1886 bene
299 1810 436 1899 absolvi
450 1815 598 1910 poterit,
610 1815 759 1891 utciarie
771 1814 955 1911 colligitur
966 1839 1009 1888 ex
1019 1842 1053 1886 c.
1064 1815 1154 1929 Sep-

77 1908 141 1981 ties
159 1912 203 1983 23
220 1910 302 1985 dist.
320 1912 353 1983 3.
370 1910 432 1984 ubi
449 1912 494 1983 D.
516 1914 761 2010 Hieronymus
777 1914 828 1983 sio
852 1912 995 2012 inquit:
1016 1911 1154 2007 Septies

79 2008 173 2080 cudit
182 2007 310 2104 justus.
327 2006 369 2080 Sl
379 2012 494 2098 cadri,
516 2010 688 2108 quomodd
698 2009 849 2105 justus?
865 2009 907 2081 Si
915 2008 1049 2101 fustus,
1068 2037 1155 2110 quo·

76 2106 178 2176 modd
201 2107 324 2179 cadit?
346 2105 420 2177 Sed
430 2105 520 2201 Jitstt'
537 2108 735 2181 vocabulum
754 2134 826 2179 non
848 2106 993 2193 amittit,
1016 2114 1155 2206 qut'per

71 2204 307 2296 peonitentiam
337 2198 475 2301 semper
496 2204 647 2300 resurgit.
671 2206 757 2276 Non
785 2206 899 2278 soldm
920 2203 1067 2303 septies,
1088 2207 1157 2276 sed

76 2303 271 2400 septuagies
282 2300 410 2400 septies
423 2302 650 2400 delinquenti,
663 2302 699 2373 si
706 2329 771 2374 con
776 2319 923 2375 ematur
930 2304 981 2374 ad
986 2303 1152 2397 poent'tec·

76 2398 182 2487 triam,
198 2417 346 2497 peccota
361 2398 545 2493 donantur.
559 2401 609 2473 Et
624 2400 669 2472 D.
686 2400 819 2473 Joenn.
837 2399 1023 2499 Chrysost.
1040 2401 1157 2481 Hom.

83 2500 124 2590 ¹4
145 2500 182 2571 in
204 2524 239 2569 n.
256 2496 303 2570 ad
316 2497 400 2572 Cor.
416 2497 583 2596 scripsit:
601 2499 781 2590 Temporis
791 2523 925 2570 moram
938 2517 1008 2567 non
1021 2524 1153 2593 quero,

77 2596 144 2667 sed
162 2596 290 2668 anima
316 2594 586 2691 correptionem:
612 2593 681 2667 hoc
699 2594 815 2692 t'toque
823 2593 895 2691 soc
915 2594 1153 2687 demonstres,

75 2694 190 2765 srirtne
211 2694 423 2785 compuncti,
446 2693 561 2767 sintne
577 2692 612 2764 in
627 2691 751 2764 melzits
763 2692 951 2782 immutati,
967 2705 1004 2763 et
1011 2715 1068 2762 res
1079 2707 1156 2763 tota

76 2791 236 2877 confecto
255 2807 319 2864 est.
337 2792 433 2864 Hinc
449 2791 590 2865 Auctor
605 2789 705 2867 Libri
724 2792 845 2865 Romae
860 2789 966 2877 editi,
987 2791 1047 2861 cui
1061 2791 1155 2862 tito·-

76 2886 336 2977 lustlnstruct.
355 2915 419 2989 per
431 2888 457 2961 li
469 2882 614 2963 Novelli
630 2887 838 2986 Confessp.
857 2917 868 2961 r
890 2914 922 2960 c.
946 2889 985 2959 15
1005 2913 1041 2960 u.
1054 2887 1155 2982 356.)

77 2991 128 3062 sic
150 2988 270 3087 inquit
288 3016 296 3056 :
318 2988 364 3060 Sc
379 2989 414 3058 lo
431 2988 586 3060 rzitoduta
603 3011 712 3058 casca
727 2987 820 3057 dalla
832 2983 1156 3081 proprmsragt‘lita,

75 3083 173 3161 scttz'
194 3088 283 3159 altra
301 3111 411 3159 causa
427 3084 619 3181 estrtirseco
636 3084 826 3156 voluntario
842 3087 862 3155 ἐ
878 3082 981 3181 quasi
999 3081 1155 3155 temen‘ot

75 3184 105 3257 t‘l
118 3183 207 3269 dire,
224 3182 289 3255 che
308 3183 392 3282 ogni
401 3182 555 3256 ticaduto
570 3182 624 3254 st'o
640 3180 845 3276 indisposto.
859 3184 914 3254 Ac
932 3178 1016 3255 ideo
1030 3183 1066 3251 in
1081 3207 1113 3253 c.
1129 3206 1156 3277 9

75 3309 115 3354 n.
144 3282 223 3355 213.
248 3282 354 3367 dicit,
376 3280 477 3379 quod
497 3294 666 3379 peccator
693 3277 857 3378 relapsus
887 3293 1039 3378 propter
1066 3278 1156 3354 maii
1277 3322 1280 3327 ·

76 3379 224 3453 habitirs
241 3382 313 3452 vim
327 3381 446 3453 statim
466 3376 708 3452 absolvendus
726 3379 791 3461 sit.
807 3379 838 3451 si
852 3378 996 3449 firmam
1019 3376 1155 3449 habeat

73 3478 303 3552 voluntatem
331 3476 531 3550 adhibendi
561 3476 681 3549 medin
709 3474 821 3551 adse
846 3474 1117 3547 emendandum
1143 3498 1154 3545 ε

75 3577 278 3679 additque:
307 3576 343 3646 E
359 3570 612 3672 giudt'cht'amoss
637 3572 703 3646 che
731 3567 1156 3666 ilsare,4ltr1'mentts1te

73 3693 200 3773 troppo
218 3674 346 3773 rigore,
377 3670 413 3745 'ot
434 3664 498 3746 obe
520 3674 548 3745 il
563 3668 773 3768 Corfissore
783 3668 982 3766 facendolo
994 3671 1023 3738 s’
1037 3667 1157 3739 adon·

74 3773 263 3847 tanerebbe
276 3772 356 3843 dale
375 3795 454 3842 vero
468 3766 589 3866 spirito
599 3768 690 3841 della
703 3767 856 3855 Odiosa,
883 3795 903 3840 o
920 3767 981 3838 del
989 3762 1159 3862 Siguese,

75 3900 98 3945 e
118 3872 212 3965 della
237 3886 362 3941 natura
378 3869 440 3939 del
450 3867 676 3940 Sacramenta
689 3924 699 3952 ,
714 3867 745 3939 tl
756 3868 858 3967 quale
876 3890 949 3935 reon
964 3867 1158 3936 solamente

74 3972 96 4044 ἐ
113 3967 289 4066 gritdt'zt'o,
307 3994 365 4039 ma
380 3967 400 4038 ἐ
417 3965 588 4039 medicina
601 3965 767 4039 salutare.

128 4066 200 4140 Sed
212 4065 369 4161 rogabis,
384 4088 556 4165 quaenam
573 4065 646 4136 sint
663 4063 739 4136 haec
759 4062 859 4159 sigua
875 4057 1217 4157 extraordinariam„

80 4164 245 4247 doloris,
263 4191 349 4238 cum
367 4160 502 4263 quibus
520 4163 699 4234 recidivus
716 4164 837 4234 statim
866 4162 977 4256 possit
996 4156 1161 4230 absolsi?

79 4262 198 4340 Plura
216 4262 431 4363 hujusmodi
454 4264 555 4360 signe
579 4259 775 4336 traduntur
792 4256 838 4330 ab
856 4258 933 4333 At.
951 4259 1060 4357 sopri
1073 4253 1165 4328 alia·
