2884 4684
171 310 252 403 Cap.
270 308 394 380 tono.
412 308 473 377 tv.
492 305 543 376 De
563 308 697 376 essentia
711 282 808 433 hufps
822 296 1039 380 'sacramente
1094 309 1176 380 485Δ

78 419 279 496 Dominicis
297 437 461 523 septem,
481 422 521 495 in
540 422 754 514 manifesto,
775 421 866 495 dum
887 414 1079 498 Missamm
1095 450 1170 503 so«,

78 518 214 592 lemnia
234 538 415 619 aguntur,
441 535 533 606 stet,
564 521 770 623 ultimoque
796 546 840 594 ex
866 520 940 596 illis
970 524 1052 613 die,
1079 524 1159 598 sine

78 617 193 716 pallio
206 675 216 710 ‚
231 634 267 691 et
283 620 537 693 calceamentis
549 673 560 706 ,
573 619 701 720 ligatus
715 619 868 717 corrigia
881 620 977 695 ciros
994 619 1156 709 collum;
1262 657 1267 671 ·

75 730 291 832 septemque
307 712 600 817 precedentibus
615 718 714 792 feriis
731 719 839 791 sextis
852 719 892 791 in
904 743 999 819 pane
1013 736 1049 793 et
1061 746 1157 822 aqua

78 817 243 913 planet,
265 815 469 891 Ecclesiam
484 814 589 890 nollo
607 815 718 890 modo
736 818 976 914 ingressurus.
995 818 1156 918 Singulis

78 914 151 1007 jain
169 912 244 987 illis
256 929 395 1015 septem
412 913 541 997 diebus
557 914 758 991 Dominicis
776 930 868 1005 tres,
887 931 950 989 sut
965 915 1157 1004 duos,'aut

79 1012 197 1085 unum
219 1018 290 1110 pou
321 1039 418 1086 erem
435 1018 584 1112 posent,
601 1015 631 1087 si
648 1010 794 1114 potest,
811 1014 976 1113 alioquin
991 1011 1063 1088 alit
1077 1040 1158 1114 poe·

78 1110 229 1182 rn'tentiti
244 1042 432 1187 affiiistur.
450 1110 644 1185 Recusanti
655 1110 831 1189 Ecclesiae
844 1112 1027 1210 ingressus
1044 1114 1158 1187 inter·
1236 1143 1242 1153 ·

82 1207 226 1281 dicotur
241 1264 251 1295 ‚
267 1226 304 1282 et
323 1211 362 1282 in
382 1210 486 1283 obitu
501 1196 745 1286 ecclesiastici
761 1224 883 1285 careat
898 1209 1101 1308 sepulturi.
1117 1212 1158 1307 4.

77 1304 149 1396 Qui
167 1322 289 1380 votum
311 1308 465 1407 simplex
482 1309 691 1395 violaverit,
709 1302 883 1424 poenitent
900 1311 1019 1382 tribus
1036 1309 1158 1391 annis.¹

129 1403 228 1477 Circo
250 1405 324 1491 ΙΙΙ.
342 1406 572 1505 Procopium.
597 1435 629 1483 s.
652 1410 730 1504 Qur·
746 1433 839 1508 opus
859 1403 1010 1507 aliquod
1024 1406 1158 1482 servile

79 1500 139 1576 die
160 1502 357 1577 Dominico
379 1504 513 1579 lentore
540 1504 688 1595 lecerit,
708 1506 960 1624 poenitentiam
979 1520 1061 1603 aget
1084 1521 1157 1580 tres

3 1616 9 1622 “
77 1598 209 1673 diesin
228 1627 322 1699 pene
342 1616 379 1675 et
394 1628 499 1703 aquo.
519 1603 655 1704 Siquis
674 1605 810 1705 ieprnis
826 1608 844 1676 ir
859 1606 893 1677 S.
908 1602 1074 1699 Ecclesia
1092 1604 1157 1679 in·

77 1695 178 1771 dicta
191 1698 395 1786 violaverit,
410 1702 665 1801 poenitentiam
679 1718 759 1802 eget
775 1700 852 1776 dies
867 1703 993 1803 viginti
1005 1702 1045 1776 in
1059 1726 1156 1803 panc

74 1812 114 1868 et
131 1822 236 1896 aquo.
252 1797 286 1871 3.
307 1798 379 1892 Qui
390 1798 432 1870 in
447 1797 730 1899 Qosdmgesimo
745 1800 925 1898 jejunium
937 1799 1124 1876 violaverit
1142 1856 1159 1901 g

75 1920 146 1995 pro
164 1921 238 1967 uno
256 1893 315 1969 die
328 1897 583 1996 poenitentiam
598 1913 678 1996 aget
694 1897 771 1970 dies
785 1894 939 1995 septem.
953 1898 986 1991 4,
1000 1899 1043 1971 In
1056 1901 1158 1994 Qus·-

76 1993 278 2066 draoesima
300 2020 407 2066 carne
426 1998 505 2068 sinc
525 1995 727 2071 inevitabili
744 1997 955 2068 necessitate
977 2020 1122 2071 vescens
1144 2052 1171 2089 ,³

74 2092 116 2163 in
163 2091 271 2165 asche
290 2117 363 2165 non
381 2093 635 2168 communicet
651 2122 661 2164 ε
677 2119 718 2167 sc
735 2087 905 2194 praetenel
922 2098 942 2167 ὲ
962 2118 1072 2167 carne
1088 2094 1158 2170 sb·

73 2190 220 2262 stineat.
896 2214 899 2221 ⁴
1008 2256 1011 2261 ,

128 2287 228 2359 Cr'rccl
242 2286 309 2361 JV.
328 2287 556 2381 Preceptum.
580 2288 713 2389 rgQui
725 2284 936 2389 parentibus
955 2288 1172 2387 maledicte·⁸

71 2383 146 2473 riti
176 2384 415 2485 quodraginta
440 2386 517 2460 dies
542 2389 725 2557 poenitens
749 2389 798 2460 sit
818 2390 857 2463 in
879 2414 973 2489 pone
990 2403 1026 2463 et
1045 2416 1157 2491 aqua.

75 2509 115 2556 2.
139 2482 212 2575 Qui
235 2486 403 2583 parentes
427 2484 539 2584 injuri
559 2506 564 2517 ·
585 2485 764 2573 effecerit¹
780 2498 851 2560 tres
877 2511 1003 2560 annos.
1027 2488 1059 2562 3.
1080 2487 1155 2582 Qui

74 2584 317 2682 percusserit,
334 2608 449 2655 snnos
468 2596 620 2683 septem.
640 2587 676 2678 4.
697 2584 733 2657 si
752 2584 833 2683 quis
855 2598 981 2657 contra
996 2584 1156 2679 Episco-

75 2705 190 2776 pum,
215 2682 431 2766 Pastorem,
458 2696 494 2753 et
515 2697 660 2783 petrem
688 2708 796 2755 snum
822 2683 1089 2770 insurrexerit,
1113 2683 1155 2757 in

70 2777 297 2852 Monasterio
329 2777 500 2853 omnibus
528 2779 658 2855 diebus
688 2780 769 2854 vitae
798 2804 872 2853 suae
901 2780 1155 2878 poenitentiam

72 2878 167 2974 aget.
187 2877 224 2951 5.
244 2877 280 2950 Si
300 2879 381 2978 quis
400 2879 599 2981 Episcopi,
621 2892 684 2953 sut
703 2876 952 2953 Ministrorum
973 2882 1077 2978 eius,
1097 2876 1155 2952 rel

68 2974 233 3049 Perochi
248 2975 304 3049 sui
323 2972 507 3076 precepta
520 2975 872 3076 contempserit,rel
889 2976 1059 3064 irriserit,
1075 3001 1158 3077 poe⁴

67 3072 266 3148 nitentiam
288 3088 367 3174 eget
385 3073 462 3148 dies
479 3078 526 3169 40
544 3077 583 3148 in
600 3100 694 3175 pone
708 3090 744 3148 ct
761 3100 867 3175 equs.
911 3078 935 3149 ',
1226 3084 1228 3089 '

86 3186 96 3203 ·
126 3172 227 3245 Circo
242 3175 284 3245 V.
304 3175 528 3289 Proecepmm.
550 3200 582 3246 r.
596 3174 669 3267 Qui
687 3170 944 3273 Presbyterum
960 3171 1154 3267 occiderit,

69 3273 254 3368 poeniteat
278 3296 319 3343 ια
340 3296 458 3345 annis.
482 3297 516 3345 2.
538 3272 575 3347 Si
628 3272 681 3345 uls
700 3286 867 3373 petrem,
894 3285 958 3344 sut
973 3285 1155 3360 matrem,

63 3370 248 3457 fratrem,
272 3384 333 3441 aut
347 3395 508 3442 sororem
525 3298 716 3456 seclieris,
733 3384 810 3443 toto
829 3369 907 3441 ritae
924 3395 999 3443 suae
1015 3383 1154 3470 tempo·

67 3493 113 3541 re
133 3462 547 3568 non'suscipistco'rpus
560 3468 729 3555 Domini,
744 3468 814 3541 nisi
833 3466 961 3569 obitu,
979 3465 1155 3542 abstineat

71 3569 94 3638 ὲ
116 3590 247 3654 carne,
268 3580 304 3638 et
325 3566 432 3649 rino,
461 3565 551 3639 dum
575 3567 730 3657 riserit,
756 3570 895 3666 jejunet
913 3564 1098 3654 secundi,
1118 3574 1158 3641 et

69 3667 231 3765 quaml,
249 3672 285 3735 el
300 3663 397 3736 sexte
415 3663 512 3737 oris.
531 3664 567 3738 3.
585 3662 622 3737 Si
640 3667 722 3764 quis
749 3663 938 3739 hominem
956 3662 1132 3765 occidepit
1144 3718 1165 3763 ,ι

66 3761 123 3836 sd
144 3764 293 3858 januam
306 3761 483 3835 Ecclesiae
498 3787 642 3860 semper
659 3763 747 3848 erit,
763 3777 800 3838 et
815 3764 853 3837 in
869 3762 972 3836 obit'n
985 3762 1160 3836 Commu·

66 3863 228 3939 nionem
242 3860 405 3955 recipiet.
423 3861 455 3952 4.
469 3858 542 3952 Qui
562 3858 752 3935 homicidii
766 3875 893 3933 auctor
906 3859 999 3950 fuit,
1014 3858 1063 3935 ob
1075 3872 1159 3934 c‘on·
1290 3870 1293 3877 '

53 3959 217 4042 silium,
236 3957 335 4058 quod
350 3956 464 4042 dedit.
481 3960 732 4058 poenitentiam
747 3976 828 4058 eget
840 3962 886 4053 40
904 3957 1038 4037 diesin
1052 3984 1159 4057 pene,

66 4073 111 4132 et
134 4078 254 4153 aqna,
279 4066 366 4132 cu'm
391 4071 531 4157 septem
561 4048 799 4157 sequentihus
826 4059 945 4130 annis.
969 4057 1009 4130 St
1032 4057 1071 4129 Si
1089 4083 1166 4157 qus

74 4153 219 4231 mulier
237 4155 370 4257 sponte
386 4154 556 4235 obortum
573 4156 718 4247 iecerit,
736 4154 990 4258 penitentiam
1006 4170 1086 4259 eget
1101 4181 1165 4229 u·
1234 4226 1236 4231 ,
